3842 6036
251 459 291 520 94
670 455 874 523 corrosum
895 458 1162 523 HISTORIARUM
1182 463 1258 526 Lib.
1280 464 1304 537 1,
1328 466 1435 527 oroi.

252 593 336 674 βελῶν
345 587 391 649 καῖ
403 593 455 648 τῶν
467 586 565 659 ἀλλων,
579 586 694 665 νιφάδων
707 587 793 662 δίκην,
804 588 1032 680 πιπτόντωνποῖς,
1081 593 1278 672 ἀγωνιζομένων
1294 598 1384 665 καλῶς
1399 594 1559 656 ἀπώσασθαί
1571 620 1600 659 τε
1616 597 1724 668 τούτους
1744 601 1793 662 καί
1805 625 1857 684 φα·

251 677 384 741 δέάλλοις
402 673 520 740 ὁπλίταις
531 696 560 731 τε
576 673 621 731 καῖ
637 678 818 743 ὑπασπισταῖς
833 675 950 753 ἐσήμηνε
969 678 1026 736 δια.
1080 683 1158 752 ME„
1177 682 1211 742 τὰ
1225 682 1288 744 ὄντα
1307 683 1410 764 ἀγαθὰ,
1430 685 1513 745 εἶκαὶ
1528 686 1566 764 μὴ
1582 686 1625 745 δεδι
1641 687 1732 756 τύλους
1743 689 1860 770 ἴσχυσαν

228 766 351 833 *bimi
372 760 421 835 τὴν
435 761 536 842 &tw
559 762 661 843 σπουδῇ
679 763 825 844 προσμῖξαι
847 767 885 844 τῷ
906 766 1026 846 σταυρόν·
1081 773 1223 853 ὑπερσχεῖν
1237 772 1284 832 καί
1305 778 1389 832 ταῦτα
1408 772 1531 854 φυλάξαι.
1573 773 1609 855 (ο)
1628 773 1698 836 Ἀλλ’
1716 776 1770 839 ίδει
1792 780 1859 841 ποτὲ

251 878 327 934 ματι.
371 849 406 930 (ε)
422 853 457 910 Oi
469 851 496 909 δὲ
516 849 691 919 ἀλαλάξαντες
705 850 775 929 μέγα
788 850 833 910 καί
847 851 957 934 φούερδν
979 853 1023 922 ίδν
1080 860 1126 919 καί
1149 861 1208 928 τοδς
1225 861 1410 943 ταλαιπώρους
1435 860 1584 940 Ῥωμαίους
1604 864 1644 945 τῷ
1668 869 1715 937 τῆς
1738 867 1859 934 δουλείας

251 946 317 1025 ἀργῇ
329 940 375 1001 καλ
389 942 480 1021 θυμῷ,
495 938 659 1016 μαινομένων
673 940 762 1013 δίκην,
777 939 899 1000 ἀπίασιν·
914 941 960 1001 άτε
975 942 1026 1023 γάρ
1081 953 1232 1029 ὑπαχθῆναι
1243 952 1312 1031 ζυγῷ
1318 951 1364 1009 καὶ
1372 953 1424 1010 τῶν
1435 949 1532 1023 ταύτης
1541 955 1698 1031 πειραθῆναι
1709 954 1864 1014 δυσκόλων·

251 1030 341 1111 νεαροὶ
365 1028 438 1095 ὄντες
457 1027 504 1087 καλ
527 1027 659 1109 ῥωμαλέοι
678 1028 724 1088 καὶ
738 1027 848 1111 θράσους
870 1030 963 1108 μεστοί
981 1031 1027 1091 καί
1080 1038 1132 1111 ἤδη
1157 1038 1208 1117 γλρ
1236 1037 1395 1117 μαχομένων
1419 1037 1545 1115 γενναίως
1568 1038 1614 1098 καί
1639 1041 1787 1120 προθυμίας
1811 1044 1861 1102 καὶ

252 1121 399 1201 ἔμπροσθεν
423 1122 468 1177 τοῦ
492 1116 621 1197 βασιλέως
644 1116 790 1196 μαχόμενοι
813 1117 886 1179 οδδὲν
914 1119 1025 1200 ἠρίεσαν
1080 1124 1179 1203 τόλμης
1190 1124 1262 1185 οὐδὲν
1272 1125 1445 1187 ἐλλειπόντων
1458 1128 1485 1193 ἐς
1495 1124 1540 1186 τὸν
1553 1128 1642 1205 ἀγῶνα
1647 1172 1658 1199 ‚
1673 1129 1801 1207 pium.
1811 1131 1861 1208 μὲ,

252 1212 350 1289 ὁρμῆς,
367 1206 435 1265 ἀλλὰ
455 1203 644 1285 πρθσμίίαθτῑς
659 1209 698 1285 τῷ
717 1206 889 1285 σταυρώματι
910 1207 1026 1286 θρασέως
1080 1213 1219 1282 Ἰουστίνος
1233 1214 1338 1295 καιρίαν
1354 1212 1425 1294 βέλει
1446 1218 1499 1275 τῶν
1519 1212 1572 1274 ἀπδ
1586 1222 1711 1296 μηχανῆς
1728 1217 1799 1278 κατά
1812 1223 1860 1278 τοῦ

251 1320 280 1355 aa
299 1295 344 1354 καλ
365 1294 408 1378 ξὺν
432 1291 515 1352 οὐδενὶ
542 1294 662 1374 λογισμῷ
695 1293 741 1352 καί
764 1294 857 1375 κόσμῳ
878 1296 1024 1374 ἐμάχοντο,
1081 1300 1188 1383 στέρνου
1200 1301 1243 1361 διδ
1261 1308 1306 1362 τοῦ
1319 1302 1434 1382 θώρακος
1446 1301 1637 1381 διαμπάξ,καί
1649 1305 1756 1383 βληθεὶς
1766 1305 1862 1367 πίπτει

251 1389 439 1455 κατασπῶντές
452 1411 480 1446 τε
494 1385 554 1456 τοδς
569 1386 799 1469 προόιόλημίνους
815 1390 964 1472 ἀμφορέας,
978 1391 1026 1459 τάς
1081 1395 1177 1467 αὐτοῦ,
1189 1391 1234 1452 καί
1252 1392 1443 1469 ἀποκομίζεται
1462 1395 1488 1459 i<
1502 1388 1550 1463 τὴν
1567 1391 1635 1452 ἰδίαν
1649 1391 1752 1467 σκηνὴν
1768 1399 1860 1465 κακῶς

251 1504 280 1538 τε
303 1477 409 1559 κεραίας
433 1476 593 1555 ξυγκλῶντες
612 1475 658 1542 καί
680 1474 728 1547 τὴν
759 1476 842 1549 ἀλλην
860 1477 1028 1560 ξυμπεφορη-
1083 1480 1163 1559 ἔχων.
1181 1479 1338 1541 Ἐκλύονται
1352 1479 1381 1539 δέ
1401 1482 1425 1540 οί
1450 1483 1510 1557 μετ’
1526 1481 1606 1540 αύτού
1629 1480 1726 1549 πάντες
1746 1485 1863 1564 ἀπειρη-

253 1570 333 1646 μένην
353 1567 417 1640 ύλην
440 1563 625 1631 σκεδαννύντες
649 1564 697 1624 καί
716 1564 865 1645 βιαζόμενοι
882 1564 1028 1646 τρόψασθαί
1082 1568 1155 1634 κότες
1170 1572 1208 1648 τῷ
1223 1568 1316 1640 πόθει,
1333 1569 1379 1628 καί
1393 1566 1600 1649 καταλείψαντας
1613 1569 1643 1628 τό
1662 1593 1693 1629 τε
1710 1569 1861 1653 σταύρωμα

252 1689 280 1724 τε
299 1662 358 1731 τοδς
381 1660 604 1741 προμαχομένους
620 1660 666 1721 καῖ
686 1660 751 1720 είσω
771 1666 816 1720 τοῦ
841 1660 1029 1742 σταυρώματος
1083 1659 1128 1715 καλ
1146 1655 1177 1715 τδ
1190 1664 1276 1736 τεῖχος
1291 1655 1335 1714 ῖνα
1357 1654 1506 1736 ἐμάχοντο,
1523 1655 1588 1735 πρδς
1602 1654 1631 1715 ἓν
1653 1656 1732 1731 μόνον
1751 1659 1861 1741 δώρων,

251 1753 404 1834 παρελθεῖν.
1083 1743 1248 1816 ἀποκομίσαι
1259 1767 1288 1804 τε
1306 1750 1397 1805 τοῦτον
1409 1747 1436 1804 ίν
1451 1753 1508 1813 ταῖς
1526 1744 1622 1805 ὁλκάσι
1635 1746 1681 1806 καὶ
1696 1747 1772 1806 αὐτοί
1792 1750 1862 1807 ἀπο·

291 1840 395 1901 Liui.
417 1836 555 1904 Ἰουστῖνος
575 1835 604 1895 bt
623 1835 690 1913 μετά
704 1840 761 1897 τῶν
785 1836 829 1906 ξὺν
851 1839 922 1918 αὐτῷ
943 1837 1027 1898 καλοί
1081 1835 1239 1910 κομισθῆναι
1253 1836 1321 1911 σῶς,
1340 1831 1425 1892 καίτοι
1439 1838 1487 1894 τοῖν
1510 1834 1638 1914 βασιλῖως
1657 1835 1864 1896 Κωνσταντίνου

251 1927 335 2008 ταύτῃ
350 1925 422 1993 όντες
435 1924 567 2001 Ῥωμαῖοι
579 1923 715 2002 εὐρώστως
729 1926 917 2004 ἀγωνιζόμενοι
928 1924 1027 1994 ξυστοῖς
1081 1921 1167 1982 πολλὰ
1177 1925 1391 2004 παρακαλοῦντος
1402 1921 1497 1991 αύτούς
1507 1921 1553 1982 καί
1567 1922 1754 2002 ύπεσχημόιω
1765 1924 1864 2006 μικρδν

252 2016 298 2078 καί
317 2018 428 2081 παλτοῖς
448 2014 494 2072 καί
514 2012 641 2081 ἀκοντίοις
665 2014 711 2073 καί
738 2013 829 2092 δόρασι
852 2014 960 2093 μακροῖς
982 2016 1027 2072 καὶ
1082 2021 1258 2092 παραμεῖναι,
1274 2010 1323 2077 ἕως
1350 2010 1381 2069 ἀν
1403 2010 1547 2088 ὁπολεμος
1571 2011 1697 2091 λωφήσῃ·
1717 2014 1741 2072 οἱ
1765 2014 1789 2071 δ’
1814 2016 1866 2075 οιίκ

251 2106 378 2172 τοιούτοις
395 2102 450 2162 τισί
464 2103 629 2183 ἀγχεμάχοις
646 2101 735 2171 ὅπλοις
748 2105 788 2179 (ἐν
802 2112 889 2184 χεροῖν
901 2103 952 2182 γδιρ
964 2095 1027 2177 {ivit
1082 2099 1464 2173 ἔδίξαντο,ἀλλ’ἀναλαόόντες
1475 2098 1519 2160 τδν
1531 2100 1647 2179 ἡγεμόνα
1667 2105 1753 2183 σφῶν,
1778 2105 1865 2163 ώπλι·

254 2194 364 2274 μάχη),
385 2191 509 2273 κατεῖχόν
522 2214 551 2248 τε
563 2189 656 2258 αὐτοὺς
669 2194 717 2262 τῆς
729 2194 827 2271 ὁρμῆς,
850 2191 895 2249 καί
910 2195 1028 2271 ἀνεῖργον
1083 2187 1174 2265 σμένοι
1188 2188 1303 2269 έχώρουν
1321 2188 1365 2247 tat
1383 2186 1431 2256 τάς
1443 2188 1556 2260 ὁλκάδας
1577 2190 1678 2271 σπουδῇ
1698 2190 1745 2249 καῖ
1757 2191 1866 2273 δρόμιρ,

253 2261 317 2343 είσώ
334 2284 378 2341 τοῦ
393 2278 582 2359 σταυρώματος
595 2279 746 2358 παρελθεῖν.
790 2276 821 2356 (ο)
835 2269 945 2339 *fluoris
963 2280 1028 2358 παρ’
1084 2278 1193 2353 μηδενὸς
1207 2276 1420 2358 ἐπιστρεφόμενοι
1430 2280 1483 2337 τῶν
1495 2278 1591 2337 ἀλλων.

253 2371 407 2453 ἀμφοτέρων
427 2366 530 2448 κραυγλ
543 2365 629 2437 πολλὴ
646 2366 692 2424 καί
716 2365 762 2445 βία
788 2365 921 2445 ξυμμιγὴς
942 2367 1029 2446 βλασ-
1124 2365 1200 2425 Liri.
1217 2362 1345 2431 Βασιλεδς
1360 2364 1387 2424 δὲ
1403 2367 1600 2431 Κωνσεαντῖνος
1613 2366 1864 2446 ἀπαγορεύσαςτσῖς

254 2457 426 2541 φημούντων,
452 2455 627 2536 δόριζόντων,
659 2454 856 2528 ἀπειλούντων,
882 2455 1029 2527 ὠθούντων,
1084 2452 1174 2521 ὅπλοις
1186 2452 1233 2512 καλ
1244 2452 1305 2530 μηδ’
1316 2451 1382 2519 ύλως
1396 2450 1526 2531 έχωνὸτι
1539 2452 1586 2512 καὶ
1598 2451 1714 2532 ἀράσσων
1728 2453 1799 2531 (obii
1811 2455 1867 2536 γὰρ

253 2546 422 2625 ὠθουμένων,
448 2544 615 2625 βαλλόντων,
643 2542 832 2623 βαλλομένων,
858 2542 1029 2613 κτεινόντων,
1084 2532 1153 2619 εἶχεν
1163 2540 1260 2621 ἀνδρας
1273 2540 1376 2621 έτέρους
1385 2543 1578 2621 ἀναπληρῶσαι
1588 2540 1648 2604 τοὺς
1657 2542 1866 2621 ἀπολειρθόντας

158 2640 163 2655 ⁸
253 2633 440 2714 κτεινομόνων,
472 2631 560 2691 παντδι
579 2631 650 2690 δεινδι
675 2631 821 2691 ποιούντων
850 2630 918 2706 μετά
942 2636 1027 2708 θυμοῦ
1083 2630 1177 2698 τόπους
1190 2629 1237 2688 καὶ
1253 2628 1299 2697 τὰς
1312 2630 1398 2698 τάξεις
1411 2633 1464 2689 τῶν
1479 2628 1644 2690 ἀπελθόντων
1658 2628 1747 2702 εὐθύς,
1760 2632 1866 2692 ἔνεικεν.

253 2725 404 2803 καλόργῆς·
430 2720 476 2779 καί
496 2711 529 2793 ἦν
559 2721 622 2778 ἰδεῖν
648 2722 759 2779 ἐνταῦθα
782 2719 874 2796 μάχην
899 2716 1030 2797 κρατερὰν
1085 2718 1163 2794 μένου
1176 2740 1206 2775 τε
1219 2721 1265 2776 τού
1275 2716 1392 2795 πολέμου
1404 2718 1522 2798 σφοδρῶς
1532 2716 1578 2777 καῖ
1589 2716 1694 2777 πάντων
1705 2718 1789 2787 ἀςτάς
1798 2721 1867 2790 ἰδίας

254 2809 441 2888 ξυνισταμόνην
456 2831 486 2867 τε
505 2807 550 2867 καὶ
566 2807 691 2875 ξυσταδδν
704 2806 843 2886 γινομένην
862 2811 930 2884 μετὰ
963 2828 1029 2885 φρο-
1084 2804 1169 2873 τάξεις
1186 2804 1274 2864 τεκαὶ
1295 2803 1355 2873 τούς
1367 2804 1462 2872 τόπους
1481 2803 1604 2884 ὁρώντων
1616 2828 1645 2863 τε
1667 2805 1712 2864 καί
1734 2812 1866 2885 ἀγωνιζυ.

253 2902 370 2977 νήματος
384 2898 508 2978 μεγίστου
532 2896 578 2955 καί
595 2896 662 2976 ύπῖρ
684 2895 815 2975 μεγίστων
839 2894 925 2954 ἄθλων
944 2918 1030 2974 μαχο-
1085 2891 1200 2971 μένων),
1215 2894 1286 2969 ὅμως
1300 2916 1330 2974 γε
1345 2893 1397 2970 μὴν
1415 2886 1547 2970 μετάτῖνν
1562 2895 1774 2975 ἀπολειφθέντων
1790 2896 1867 2959 Ῥω-

255 2989 342 3069 μίνων
371 2987 496 3068 γενναίως
527 2987 644 3065 ἀνδρῶν,
671 2989 724 3043 τῶν
747 2983 796 3061 μὲν
818 2982 1029 3066 φιλονεικούντων
1086 2979 1172 3058 μαίων
1184 2983 1263 3040 αὐτοῦ
1276 2983 1323 3041 καί
1336 2984 1388 3039 τῶν
1401 2981 1459 3054 μετ’
1469 2981 1764 3061 αιίτοῦ,εύαριθμήτων
1779 2986 1864 3061 πάνυ,

255 3077 328 3156 πάσῃ
349 3076 459 3153 δυνάμει
481 3072 625 3155 βιάσασθαί
637 3095 666 3131 τε
687 3071 747 3140 τοδς
766 3072 967 3147 ἀνθισταμένους
984 3071 1030 3129 καί
1086 3066 1149 3136 στάς
1159 3068 1211 3148 πρὸ
1224 3074 1270 3128 τοῦ
1286 3068 1474 3147 σταυρώματος
1489 3070 1646 3149 ἀπεμάχετο
1663 3069 1801 3147 γενναίως.

253 3172 396 3244 κατασχεῖν
420 3165 450 3223 τό
469 3172 555 3242 τεῖχος
576 3161 694 3221 καλέσω
708 3165 755 3233 τῆς
774 3160 874 3227 πόλεως
891 3160 1030 3239 παρελθεῖν
1126 3158 1187 3218 LX.
1209 3157 1400 3236 Μεχόμετιςδί
1421 3160 1436 3216 ὁ
1456 3156 1579 3237 βασιλεύς
1598 3158 1766 3230 κατανοήσας
1784 3161 1817 3220 τό
1831 3186 1862 3221 τε
1913 3188 1918 3195 ·

255 3253 299 3313 ἰπὶ
313 3255 410 3320 παῖδας
425 3252 471 3311 καὶ
490 3259 616 3329 γυναῖκας
638 3248 729 3309 καίτά
750 3249 918 3325 τιμιώτατα,
934 3254 986 3307 τῶν
1002 3246 1029 3305 bi
1086 3246 1233 3326 σταύρωμα
1255 3245 1301 3305 καὶ
1319 3247 1350 3305 τὸ
1366 3246 1435 3306 ἀλλο
1461 3245 1669 3327 κατερριμμένον
1691 3254 1736 3306 τοῦ
1757 3250 1867 3328 τείχους

285 3444 375 3501 avril.
386 3441 434 3505 §2
444 3442 474 3502 ἦν
485 3441 525 3491 σύν
539 3441 600 3505 oio]
610 3441 649 3490 cs.
668 3446 690 3498 i,
700 3444 741 3498 io,
754 3447 778 3499 5.
793 3439 935 3490 abionem
948 3440 1007 3489 iero.
1021 3439 1032 3503 ΙΙ
1046 3466 1078 3477 -
1087 3439 1182 3501 ἀγωνιζ.
1200 3439 1289 3504 καλῶς]
1307 3441 1346 3503 ἀγ.
1362 3440 1475 3503 γενναίως
1493 3453 1587 3505 margo.
1601 3440 1612 3504 ΙΙ
1626 3467 1655 3477 -
1665 3441 1680 3505 §
1690 3445 1712 3491 δ.
1725 3442 1867 3509 δυσκόλων]

254 3520 336 3564 κακῶν
351 3526 416 3576 rugo.
435 3513 446 3576 ΙΙ
464 3540 491 3549 -
509 3512 618 3575 βάλλεται
638 3513 765 3568 Ἰονστῑνσς
781 3511 874 3571 καιρίαν
889 3509 951 3573 σία]
968 3529 980 3553 ι
998 3511 1151 3574 Augustinus
1163 3510 1318 3561 lastinianus
1330 3511 1357 3561 in
1370 3510 1505 3562 Annalibus
1518 3515 1544 3561 at
1559 3511 1652 3562 Foiieta
1668 3511 1710 3561 lib.
1728 3516 1757 3563 to
1771 3515 1867 3567 rubrus

253 3585 329 3636 latnie
345 3585 428 3647 ipsum
445 3582 569 3647 οσοομίεεο
588 3583 700 3633 scribunt
711 3600 725 3626 ν
739 3580 881 3631 itultiatdus
892 3582 924 3631 ad
940 3584 1035 3632 Ducam
1052 3596 1079 3645 n.
1093 3587 1148 3632 aab.
1162 3581 1244 3631 caten·
1259 3582 1331 3633 aliter
1344 3596 1397 3633 rom
1410 3581 1542 3633 tradidero.
1558 3581 1692 3634 Pbrantzas
1705 3596 1729 3647 μ.
1744 3587 1802 3645 283,
1814 3591 1865 3640 ta:

255 3656 303 3706 Καὶ
321 3659 397 3703 ταῦτα
417 3658 459 3702 τοῦ
479 3655 596 3716 βασιλέως
608 3654 731 3714 λέγοντος,
744 3650 854 3709 Ἰωάννης
872 3653 886 3699 ὁ
901 3652 1064 3709 Ἰουστινιανδς
1080 3653 1170 3714 ἐπλήγη
1185 3652 1254 3708 τόξου
1270 3652 1332 3717 βελει
1346 3653 1371 3702 δν
1389 3658 1436 3709 τοῖς
1454 3654 1560 3701 σκελεσιν
1576 3653 1616 3702 ἐπὶ
1636 3654 1678 3703 τδν
1696 3647 1771 3708 δεξιδν
1789 3656 1865 3707 πόδα.

253 3730 328 3784 Αύτδς
339 3727 377 3789 δὲ,
388 3730 421 3782 ὡς
432 3725 479 3775 itte
490 3726 518 3775 τδ
532 3725 593 3787 αίμα
604 3725 664 3789 βίειν
680 3724 708 3773 ia
725 3724 890 3787 τοῦσώματος
910 3725 982 3773 αὑτοῦ
991 3762 998 3783 ,
1008 3725 1061 3780 ὁλος
1074 3723 1205 3784 ἠλλοιώθη,
1215 3725 1257 3773 καὶ
1276 3726 1305 3782 ἣν
1323 3726 1452 3789 προέδειξεν
1468 3723 1563 3788 ἀνδρίαν
1580 3725 1609 3773 ἐκ
1625 3730 1668 3774 τοῦ
1687 3725 1762 3788 φόὸου
1778 3727 1866 3791 δχασε,

254 3800 295 3848 καὶ
312 3798 436 3862 ἀνωφελῶς
455 3797 515 3859 μετὰ
532 3800 607 3845 ταῦτα
622 3796 706 3859 ίπρτξε
716 3810 721 3821 ·
732 3795 758 3850 ὁς
774 3795 924 3857 ἀνεχώρησεν
943 3796 994 3844 ὅθεν
1010 3795 1053 3856 ἦν·
1068 3795 1127 3856 μετὰ
1142 3800 1235 3854 σιωπῆς
1254 3795 1361 3858 διήρχετο
1375 3800 1452 3853 ζητῶν
1468 3795 1569 3858 ἰατρούς.
1581 3796 1728 3859 Imperatori
1749 3796 1866 3851 hortanti

254 3882 286 3920 ns
304 3870 337 3920 ob
355 3870 411 3920 Ιονε
425 3869 519 3918 uulnus
539 3868 623 3918 losum
635 3866 775 3925 desereret,
788 3865 850 3915 nihil
870 3865 1009 3929 respondit,
1026 3865 1072 3916 aad
1085 3866 1198 3916 Galatam
1218 3865 1329 3929 trajooit,
1343 3865 1386 3915 ubi
1403 3868 1517 3916 mortuus
1535 3868 1575 3915 ast
1595 3866 1624 3916 ἐκ
1650 3872 1690 3926 τῆς
1711 3868 1806 3930 κειρίαις
1821 3875 1865 3920 καί

254 3943 450 4006 περιφρονήσεως.
461 3939 554 3989 Eadem
563 3940 649 3989 narrat
659 3936 802 3988 Leonardus
812 3952 838 4001 p.
851 3942 907 3996 3³2,
917 3937 964 3987 nisi
973 3937 1039 4002 qnod
1050 3936 1216 3987 ,lastinianum
1227 3937 1274 3987 sub
1290 3935 1375 3987 asello
1384 3937 1473 4001 sagitta
1479 3935 1636 3986 vulneratum
1648 3950 1712 3998 asse,
1730 3942 1755 3988 at
1772 3939 1867 3993 danda

255 4011 369 4060 oGalata
385 4011 412 4060 iu
427 4008 518 4059 Gbium
535 4007 662 4071 navigasse
680 4010 755 4070 atquo
774 4007 809 4056 ibi
829 4020 859 4056 ax
880 4007 982 4058 vulnera
1000 4005 1041 4056 rat
1061 4004 1164 4056 tristitia
1185 4006 1314 4070 ingloriam
1333 4009 1440 4056 mortona
1460 4004 1551 4055 obiisse
1569 4005 1641 4057 dicit.
1662 4009 1726 4057 Eum
1747 4007 1773 4057 iu
1797 4010 1867 4061 Chio

254 4081 345 4131 obiisse
356 4081 431 4132 etiarn
441 4083 533 4131 Petrus
543 4081 638 4129 Bizaeus
655 4077 699 4130 tib.
712 4085 740 4128 tr
751 4078 862 4129 historiae
876 4078 1014 4129 Ganuensis
1025 4077 1101 4128 tradit
1111 4117 1118 4141 ‚
1128 4081 1243 4128 monento
1256 4077 1376 4128 Bullialdo
1385 4078 1416 4128 ad
1425 4079 1487 4127 Duo.
1502 4082 1585 4140 poto.
1595 4075 1719 4128 Pusouius
1728 4082 1829 4141 i,975:

720 4209 824 4253 Jonnnn
835 4208 896 4253 abiit
903 4220 1025 4263 μετοιωεειι
1033 4208 1121 4264 μῖσαάε
1132 4207 1248 4252 lacertum

719 4283 748 4314 ac
757 4282 781 4313 aa
786 4269 905 4325 subripuit
915 4281 1002 4324 panna
1012 4281 1129 4327 ασυεισυε
1141 4269 1239 4324 petiuit.

717 4333 766 4377 rive
774 4337 838 4378 metu
852 4334 977 4385 Teucrum,
986 4345 1026 4377 σεο
1036 4334 1133 4379 uulnere
1141 4331 1338 4377 σδσοιυειιοετδο.

254 4446 418 4501 Chalcooond.
431 4461 456 4511 p.
471 4451 525 4509 395,
540 4452 575 4497 3:
592 4449 752 4513 Τιτρώενεται
767 4449 928 4511 mutatione)
942 4448 965 4504 ῖς
974 4450 1017 4507 τὴν
1032 4454 1108 4514 χεῖρα.
1125 4448 1207 4499 Minus
1219 4448 1364 4513 probrosam
1384 4448 1549 4500 narrationem
1564 4448 1639 4499 babat
1654 4450 1740 4499 Duoas
1754 4463 1782 4513 μ.
1803 4456 1864 4515 284,

257 4526 284 4572 ti
294 4524 320 4572 et
330 4535 356 4586 p.
367 4524 412 4571 29⁰
424 4538 430 4568 :
443 4520 548 4582 Ἐπλήγη
558 4519 597 4569 διά
607 4521 779 4583 μολυδδοδόλου
792 4520 818 4571 is
829 4526 859 4584 τῇ
871 4523 930 4585 χειρὶ
946 4520 1041 4570 δπισθεν
1052 4525 1095 4570 τού
1108 4520 1246 4584 βραχίονος,
1259 4521 1292 4569 έτι
1307 4519 1404 4576 σκοτίας
1413 4520 1494 4581 οὔσης,
1505 4521 1546 4570 καί
1553 4520 1694 4583 διατηρήσας
1705 4522 1749 4578 τήν
1758 4522 1863 4586 σιδηρᾶν

253 4593 375 4656 χλαμύδα,
390 4591 430 4638 καὶ
443 4590 493 4647 ἥτις
506 4591 598 4653 ὑπῆρχε
605 4590 811 4652 κατεσκευασμένη
823 4592 855 4645 ὡς
868 4591 899 4638 τά
913 4596 955 4640 τοῦ
968 4591 1091 4654 Ἀχιλλέως
1102 4590 1178 4652 ὅπλα,
1192 4591 1236 4640 υδκ
1250 4588 1351 4649 ἠδύνατο
1362 4590 1409 4638 ύπδ
1420 4594 1462 4649 της
1477 4590 1566 4650 πληγῆς
1577 4590 1679 4652 ἠρεμεῖν.
1691 4590 1739 4637 Καὶ
1748 4590 1812 4650 λε’γει
1822 4598 1863 4658 τῷ

254 4664 358 4728 βασιλαῖ·
372 4662 440 4720 Στῆθι
452 4661 600 4723 θαρσαλέως,
609 4661 657 4723 ἀγόν
668 4661 694 4710 δδ
707 4663 775 4725 μέχρι
786 4666 826 4721 τῆς
839 4661 894 4718 νηὸς
908 4660 1048 4724 ἐλεύσομαι,
1058 4661 1128 4710 κάκεῖ
1139 4662 1265 4725 λατριυθεὶς
1274 4659 1346 4722 τάχος
1361 4660 1540 4724 ἀπαναστράψω.
1553 4657 1582 4710 λιι
1590 4672 1654 4709 navo
1667 4671 1772 4710 versans
1780 4674 1866 4724 quun

252 4733 366 4783 nuntium
378 4728 513 4795 accepisset
520 4729 552 4780 de
564 4734 645 4781 morta
652 4730 808 4795 imperatoris
821 4729 903 4794 dequo
915 4733 1053 4781 Turoorum
1062 4729 1175 4792 victoria,
1190 4743 1251 4781 suos
1264 4742 1368 4793 apugna
1378 4730 1517 4791 revocavit,
1527 4731 1558 4779 ut
1567 4741 1625 4779 oum
1638 4728 1686 4779 iilis
1695 4741 1710 4779 a
1720 4733 1797 4793 portu
1805 4732 1863 4784 δῖε·

253 4802 360 4854 ooderet.
371 4803 461 4854 contra
474 4801 597 4852 Barbarus
608 4815 654 4852 suo
663 4801 689 4851 io
702 4802 844 4853 Ganuausas
855 4800 912 4851 odio
923 4801 1052 4866 indulgens
1067 4801 1104 4851 ita
1116 4803 1218 4852 narrat:
1235 4798 1355 4852 vadendo
1365 4804 1453 4865 questo
1464 4802 1545 4853 Ζυαιι
1557 4801 1708 4863 Ζυειιυιιαιι
1718 4802 1866 4858 zetum

254 4874 291 4926 do
302 4876 412 4925 Ζειιουα
424 4886 452 4925 σε
461 4872 578 4923 delibera
587 4873 620 4924 cte
630 4872 792 4925 αδοιιάοιιατ
803 4872 832 4923 to
842 4872 1052 4939 subponuntur
1063 4886 1132 4924 asser
1143 4872 1224 4938 ferito
1236 4872 1270 4924 de
1281 4872 1359 4938 fram
1368 4873 1517 4924 adscribitur
1529 4872 1557 4924 in
1571 4871 1698 4937 margins]
1707 4911 1714 4934 ‚
1724 4887 1740 4923 ε
1752 4887 1828 4928 corsa
1842 4890 1863 4929 α

254 4941 284 4993 to
294 4957 346 4994 sua
354 4957 426 4994 ιιαυο
437 4941 486 4994 cte
494 4945 551 4993 iera
564 4943 606 4993 sto
617 4956 703 4994 ιαειια
716 4958 735 4994 α
747 4942 885 4994 δσοοάσιιο
893 4959 956 5003 ,πλε
967 4942 1131 5007 εοοοιμσιιάο
1142 4947 1230 5008 quoto
1240 4942 1290 4995 ολο
1300 4946 1359 4995 tera
1374 4946 1526 5008 rapotonis,
1543 4941 1679 5007 σιἀιιονιδο
1693 4944 1719 4994 et
1735 4944 1794 4996 dito
1805 4960 1859 5011 μοι

253 5011 283 5062 la
296 5013 491 5065 ιεταοιιοιιάοε
507 5011 606 5063 Τυτολι·
616 5026 664 5063 σου
675 5014 777 5064 intrudi
789 5013 883 5063 dentro
894 5014 928 5063 de
938 5014 968 5065 la
979 5015 1053 5078 ιονσς
1066 5026 1081 5063 ε
1092 5015 1216 5065 memora
1226 5026 1277 5078 per
1286 5014 1314 5065 ta
1326 5014 1397 5078 σοῖο,
1415 5012 1464 5064 οδε
1477 5015 1601 5064 αιιοοτσι
1615 5025 1671 5064 noa
1680 5017 1742 5065 tero
1756 5017 1862 5068 ιιιααάι·

250 5080 353 5133 deotro.
369 5085 486 5133 cetarum
499 5083 568 5133 rana
583 5085 697 5135 ratarum
710 5086 737 5135 ot
748 5083 913 5135 raoantiorum
924 5084 956 5136 da
970 5084 1110 5136 iustiniano
1118 5084 1211 5150 judicia
1221 5083 1289 5147 justa
1303 5085 1397 5136 trutina
1412 5083 1531 5149 μοοδοταθ
1540 5082 1644 5135 Etiisson
1659 5085 1677 5136 1.
1693 5086 1713 5135 1.
1727 5099 1754 5151 μ.
1770 5090 1801 5137 75
1816 5099 1862 5152 oq.

280 5153 331 5203 Lx.
344 5152 359 5216 ς
371 5160 394 5203 2.
408 5154 455 5203 Δια
465 5159 506 5212 τῆς
518 5154 630 5219 πυλίδος]
641 5157 678 5205 Da
689 5155 736 5205 baa
750 5153 862 5219 portula,
878 5169 935 5219 qua
946 5157 1000 5206 erat
1008 5155 1041 5206 ad
1052 5155 1208 5205 Hebdomon
1220 5155 1353 5219 palatium,
1368 5156 1422 5206 baa
1428 5155 1506 5209 habat
1514 5157 1631 5219 Duaaso.
1644 5160 1690 5208 κεν
1702 5178 1710 5207 ι
1722 5160 1746 5208 σι
1756 5158 1783 5208 δὲ
1792 5159 1861 5208 Ῥω·

249 5227 315 5282 μαῖαι
327 5222 414 5279 ῑδόντες
422 5224 465 5281 τὴν
474 5225 630 5281 είσοδοέξοδον
641 5226 719 5274 αὐτῶν
729 5226 829 5289 φανερὰν
842 5227 985 5290 γενομένην,
1001 5228 1042 5276 καῖ
1061 5228 1093 5290 μὴ
1107 5227 1254 5290 ’δυναμένους
1272 5228 1354 5284 ῖξιίναι
1369 5227 1413 5284 iio
1432 5231 1473 5284 τῆς
1486 5227 1561 5284 πύλης
1571 5227 1614 5276 καὶ
1634 5228 1793 5279 ἀνθίστασθαι
1805 5235 1860 5288 τοῖς

248 5292 360 5355 Τούρκοις
370 5292 435 5355 ἀντῷ
446 5292 490 5349 ito
501 5292 597 5358 κάστμμ
608 5293 807 5358 ἀπαρακαλύπτως
817 5295 884 5352 δνεας
895 5301 943 5345 τῶν
959 5296 1058 5360 εειχίων
1073 5295 1275 5359 καταπεσόντων,
1288 5296 1352 5359 ἦσάν
1368 5310 1427 5353 τινες
1439 5301 1486 5347 τῶν
1501 5295 1618 5360 γερόντων
1631 5296 1785 5361 διιστάμενοι
1802 5314 1851 5348 τι
