3842 6036
279 486 338 561 Δ128
688 479 909 551 ‚detrorum
932 480 1198 545 HISTORIARUM
1220 481 1293 543 ΗΒ.
1317 482 1369 555 111,
1391 484 1452 543 38.
1548 540 1550 543 .

280 616 392 693 λιορκίύν
417 613 490 673 ούδέν
508 612 599 686 ήνυεν,
615 611 681 691 ίγνω
695 613 803 693 χρονίαν
819 611 925 671 ἔσεσθαι
944 612 992 684 τήν
1006 636 1054 672 πο·
1109 613 1185 691 μενός
1207 638 1236 673 τε
1259 613 1305 672 καί
1327 612 1479 690 ληιζόμενος
1501 611 1589 672 πάντα
1611 610 1644 670 τά
1663 612 1690 672 ίν
1706 611 1779 685 ποσί,
1792 611 1826 671 τά
1840 636 1863 672 τι

281 704 398 782 λιορκίαν
424 703 510 783 αὐτῷ’
532 699 562 759 αί
580 724 610 760 τε
625 700 677 781 γάρ
700 703 819 780 μηχαναὶ
840 702 887 760 ούιι
908 701 1055 770 ἐξικνοῦντο
1106 702 1268 775 σἰνάντηκαὶ
1287 699 1408 761 δύσβατα
1422 700 1469 760 καὶ
1483 699 1586 781 σκληρά
1602 702 1654 759 τῶν
1666 722 1697 760 τε
1713 697 1810 780 χωρίσει
1826 699 1864 759 καί

282 791 345 871 πρὸς
362 790 391 847 τὸ
404 796 491 868 τεῖχος
506 789 607 861 καλῶς,
620 790 680 848 οὐδὲ
695 790 821 868 βλάπτειν
831 788 896 857 ὅλως
908 790 1053 862 ἠδύναντο·
1107 794 1160 850 τῶν
1180 791 1303 870 παρόδων
1319 790 1477 868 ἐξομαλίζων
1499 789 1545 851 καὶ
1567 792 1686 867 ἡμερῶν,
1705 788 1749 847 καί
1766 787 1798 846 τά
1816 791 1865 867 ipo·

282 875 472 958 etsemetipsum
491 875 542 955 γάρ
561 875 609 947 τήν
631 878 690 956 βίαν
704 879 743 958 τῷ
757 876 853 953 μήκει,
865 877 1055 947 ἐξεκαυλίζοντο
1108 876 1226 956 μνότατα
1241 882 1293 938 τῶν
1311 877 1439 960 φρουρίων
1457 877 1566 956 ἐξαιρῶν
1579 899 1608 936 τε
1624 878 1670 936 καὶ
1689 878 1864 936 κατασκάπτειν

283 967 328 1026 καὶ
346 965 529 1044 άσδενίστερον
549 968 587 1043 τῷ
611 966 693 1045 τείχει
715 964 905 1043 προσέπιπτον.
946 967 988 1027 Oi
1005 963 1056 1045 γάρ
1109 966 1249 1046 καλπάντῃ
1261 966 1437 1046 χεῳούμινος.
1480 968 1517 1043 (ε)
1530 964 1865 1046 ΠροσελάσαςδδτῇΤεγίφ

284 1055 343 1129 ἐνῆν
356 1051 437 1120 αὐτάς
447 1055 484 1131 τῷ
495 1050 634 1133 άποιιρότῳ
645 1054 692 1111 καὶ
701 1055 808 1133 σκληρῷ
818 1059 861 1112 τοῦ
871 1052 969 1134 χωρίου
981 1056 1058 1131 ἐγγύς
1109 1054 1199 1126 πόλει,
1212 1055 1244 1127 ἣν
1258 1057 1282 1114 οἱ
1296 1060 1341 1114 νύν
1363 1054 1482 1133 Μοχλίον
1504 1057 1630 1128 καλοῦσι,
1644 1055 1811 1133 στρατόπεδον
1829 1054 1865 1112 τί·

278 1168 334 1207 ,που
355 1149 400 1203 τοῦ
419 1141 521 1221 τείχους
540 1148 722 1222 προσενεγκεῖν
740 1139 808 1200 ὥστε
829 1142 874 1199 καὶ
890 1142 978 1201 παίειν
995 1142 1058 1202 αὐτὸ
1110 1147 1189 1216 inor,
1203 1143 1249 1202 καὶ
1261 1143 1478 1222 παρισταιιρώσας
1489 1142 1571 1213 αὐτὴν
1580 1142 1626 1202 καὶ
1636 1141 1725 1220 κύκλῳ
1733 1140 1864 1221 πτριλαόδιν

282 1233 353 1310 μετὰ
362 1233 421 1313 βίας
428 1231 542 1313 σφοδράς
555 1231 600 1290 καὶ
613 1230 697 1309 ῥύμης
708 1230 756 1289 καὶ
768 1239 966 1309 καταρριπτιῖν·
978 1232 1025 1311 (τε)
1036 1234 1058 1290 εἰ
1110 1234 1148 1311 τῷ
1162 1234 1266 1311 στρατῷ
1280 1229 1426 1308 ἐπολιόρκει
1440 1234 1482 1291 ἐπ’
1494 1230 1593 1309 όλίγαίς
1605 1232 1724 1308 ήμίραις.
1745 1229 1796 1291 tid
1809 1232 1865 1307 μετά

282 1322 313 1380 Ιδέ
328 1320 375 1380 καί
389 1320 456 1387 ὅλως
470 1326 668 1400 κατερριπτεῖτο
679 1317 709 1376 τδ
722 1326 823 1398 τεῖχος,
837 1318 906 1378 iiii
917 1319 963 1378 καὶ
978 1319 1059 1387 οὕτως
1110 1324 1187 1378 τοῦτο
1205 1317 1355 1398 Δημήτριος
1371 1319 1493 1392 Ἀσάνης,
1509 1321 1633 1393 ύταύτης
1656 1320 1866 1400 ίπαρχος,λόγυις

279 1416 302 1483 ,ἡ
322 1414 347 1479 ἐς
362 1409 394 1470 τδ
414 1410 481 1469 ἄστυ
503 1408 548 1467 καὶ
566 1407 614 1478 τήν
638 1408 711 1466 πόλιν
729 1407 841 1487 πάροδος
860 1407 999 1488 άπόμαχος
1013 1399 1058 1482 ήν,
1111 1405 1251 1487 προσφίρει
1265 1411 1304 1487 τῷ
1319 1408 1423 1485 βασιλεῖ
1430 1407 1491 1486 περί
1501 1431 1530 1467 τε
1541 1406 1696 1484 inpiatum
1706 1408 1750 1466 καὶ
1760 1405 1865 1470 ἐνδόσεως

283 1496 446 1578 ἐκατίρωδιν
468 1496 611 1573 ἀποτόμοις
629 1503 754 1575 κρημνοῖς
773 1494 818 1553 καὶ
839 1499 976 1565 σκοπέλοις
993 1497 1059 1555 διει-
1112 1498 1204 1567 αὐτῆς.
1227 1494 1283 1554 Καλ
1298 1494 1466 1572 ξομύαίνουσι
1480 1494 1529 1568 δή,
1543 1496 1589 1555 καὶ
1604 1494 1735 1570 λαμβάνει
1744 1493 1790 1566 τήν
1800 1495 1865 1553 πολιν

285 1587 411 1664 λημμίνη
424 1584 471 1644 καλ
484 1583 564 1665 φόύον
577 1583 623 1645 καλ
635 1582 732 1643 δειλίαν
748 1584 875 1655 πλείστην
887 1584 1059 1665 παρεχομίνη
1112 1582 1415 1665 ύβασιλιύςύμολογίφ.
1459 1583 1732 1666 Προσχωρτῖδλαύτῷ
1747 1582 1865 1659 ἐπὶταύτρ

285 1684 339 1741 τοῖς
353 1674 469 1732 κάτωθεν
479 1676 589 1733 εἰσιοῦσι
600 1672 657 1751 μεθ’
667 1672 882 1744 όπλων,άνω8ίν
895 1696 925 1733 τε
940 1675 986 1734 καὶ
996 1673 1061 1753 ὑπὲρ
1113 1672 1159 1731 καί
1186 1672 1262 1752 ἕτερα
1289 1671 1398 1753 φρούρια
1424 1674 1472 1731 αλιι
1493 1672 1570 1750 όλίγα
1600 1676 1655 1732 τῶν
1681 1669 1864 1750 πλησιοχώρων.

288 1766 403 1844 κεφαλῆς
418 1762 588 1841 βαλλομένοις
599 1760 625 1829 ἐξ
643 1761 798 1841 ὑπερδεξίων
815 1762 868 1821 ἀπὸ
887 1767 939 1822 τῶν
961 1764 1059 1843 ἄκρων,
1117 1766 1150 1841 to)
1165 1767 1202 1824 Οἱ
1213 1763 1241 1822 δδ
1253 1768 1301 1834 τῆς
1316 1761 1520 1835 Πελοποννήσῳ
1534 1763 1663 1822 δεσπόται
1677 1764 1749 1841 ἐνιπῇ
1762 1757 1867 1836 μεσογείᾳ

284 1851 343 1911 list
357 1850 483 1917 πολλάκις
497 1848 525 1909 δέ
538 1849 623 1929 ταύτῃ
642 1849 825 1928 προσόαλὼνύ
839 1849 1061 1932 βασιλεὺς,ίσχυ-
1115 1854 1227 1928 ταύτης,
1253 1854 1280 1910 ἐν
1305 1849 1469 1930 Ἀμυκλαίῳ,
1504 1849 1653 1925 καθήμενοι
1676 1846 1867 1926 ξυντεταγμίνιι,

290 1944 340 2020 ρώς
354 1938 531 2019 ἀπεκρούσθη.
1116 1941 1207 2011 ἐπειδή
1221 1939 1316 2017 ἔμαθον
1331 1939 1541 2018 προσελαύνοντα
1555 1942 1589 2017 τῇ
1601 1937 1690 2017 Τεγία
1704 1936 1746 1996 τὀν
1760 1933 1866 2015 βασιλία,

328 2027 379 2090 lv.
401 2026 480 2086 Ἐπεί
493 2017 538 2085 ούν
550 2024 610 2086 οὔτε
629 2030 660 2086 ἐκ
669 2025 818 2107 προαόολῆς
831 2025 877 2108 βίῳ
889 2027 941 2095 τοῖς
954 2027 1062 2106 ὅπλοις,
1117 2027 1278 2095 διαλυθίντες
1292 2025 1365 2093 εὐθύς
1377 2024 1480 2106 ᾤχοντο
1491 2026 1643 2107 φεύγοντες,
1655 2026 1701 2085 καὶ
1713 2027 1867 2103 άναχωρώοιν

289 2115 348 2177 οὔτε
364 2121 497 2193 μηχαναῖς
511 2112 570 2172 οὔτε
585 2113 659 2194 ἄλλῳ
671 2134 710 2193 τῳ
722 2113 811 2193 τρόπῳ
828 2113 939 2194 τοιούτῳ
954 2117 969 2173 ὁ
983 2119 1062 2193 βασι·
1117 2116 1187 2191 ὁμὲν
1197 2119 1223 2182 ἐς
1232 2114 1390 2175 Μαντίνειαν
1403 2116 1429 2193 (i
1439 2117 1566 2192 Θωμᾶς),
1576 2106 1606 2174 ού
1618 2115 1650 2185 δή
1659 2113 1703 2174 καί
1712 2110 1795 2190 ήγυνή
1804 2112 1868 2169 αὐτοῦ

283 2202 349 2272 nt<
364 2201 480 2280 αἱρήσειν
496 2200 543 2272 τήν
558 2200 635 2260 πολιν
649 2199 786 2279 ἐνόμισεν,
800 2200 859 2260 ἀλλ’
871 2199 889 2272 ή
902 2201 980 2277 μόνον
992 2203 1063 2280 λιμῷ
1118 2205 1162 2263 καί
1177 2207 1201 2263 οἱ
1215 2205 1307 2270 παῖδας
1329 2194 1412 2276 ἦσαν,
1425 2206 1440 2261 i
1452 2202 1480 2262 δέ
1495 2205 1521 2270 ἐς
1535 2204 1697 2284 Ἐπίδαυρον
1708 2201 1754 2272 τήν
1767 2195 1868 2276 λιμερίνι

291 2293 337 2352 καὶ
350 2288 487 2369 πολιορκία
503 2286 707 2370 μακρᾷ,ούκέτι
722 2287 786 2366 πρός
806 2285 840 2346 τά
857 2288 938 2349 iuni
956 2286 1065 2363 διαμίλ·
1121 2295 1145 2369 (ὁ
1167 2293 1327 2371 Δημήτριος)
1351 2289 1409 2362 ἥτις
1435 2297 1480 2351 νῦν
1502 2291 1680 2369 Μυνεμύασία
1702 2291 1821 2361 καλεῖται,
1833 2284 1869 2344 καὶ

290 2382 345 2439 λιιν
367 2378 475 2457 ἐγνώκει
494 2380 545 2437 δεῖν
566 2379 621 2436 οὐδ’
635 2378 693 2447 είκῆ
714 2374 759 2436 τὐν
779 2376 869 2455 καιρδν
894 2375 1064 2449 ἀναλίσκειν,
1121 2380 1247 2460 διέσριόον
1268 2382 1295 2438 ἐν
1316 2381 1407 2445 αὐταῖς
1428 2386 1473 2440 τοῦ
1494 2379 1613 2457 πολέμου
1637 2380 1667 2441 τὸ
1683 2381 1759 2462 πέρας
1773 2381 1868 2437 άποσκο·

290 2467 359 2528 ἀλλὰ
372 2466 403 2525 τδ
420 2463 467 2542 μὲν
494 2464 574 2542 ήμισυ
594 2468 641 2536 τῆς
661 2471 787 2545 στρατιᾶς
809 2463 853 2533 ξύν
874 2463 1065 2543 Μαχουμούτει
1119 2474 1235 2537 micea,
1858 2476 1864 2495 ·

291 2550 445 2615 καταλιπών
459 2553 551 2626 αὐτοῦ,
565 2550 633 2611 ὥστε
646 2554 795 2631 πολιορκεῖν
809 2552 854 2612 καλ
866 2551 1006 2629 φυλάσσειν
1018 2558 1066 2625 τήν
1160 2556 1192 2616 V.
1216 2553 1344 2623 Βασιλεύς
1359 2556 1387 2614 ii
1403 2555 1530 2636 βραχείας
1548 2555 1655 2638 ἡμίρας
1669 2553 1780 2632 ἐνΤεγίφ
1792 2555 1871 2629 διαγα·

291 2647 366 2707 πάλιν
378 2690 387 2721 ,
400 2648 447 2702 τού
466 2644 504 2718 μή
523 2664 549 2700 τι
574 2646 625 2705 τῶν
646 2641 718 2701 ἔνδον
738 2642 837 2719 ἐξάγειν
860 2640 877 2713 ἢ
901 2644 953 2700 τῶν
974 2640 1067 2711 ἔξωθεν
1122 2641 1174 2721 γών
1186 2642 1231 2702 καὶ
1243 2645 1478 2719 καταστησάμενος
1497 2642 1531 2702 τδι
1544 2643 1642 2718 αύτάῦ,
1653 2642 1792 2724 φρυνράςτε
1805 2641 1871 2717 ἐγκυ·

292 2732 489 2809 ίακομίζεσδαι,
515 2730 591 2795 αὐτὸς
619 2730 668 2803 τήν
691 2729 785 2801 λοιπήν
809 2728 950 2790 ἀναλαβὼν
975 2729 1068 2811 ἐχώρει
1123 2729 1321 2811 ταλιπώναύτῇ
1335 2752 1365 2790 τε
1381 2731 1427 2790 καὶ
1445 2739 1498 2799 τοῖς
1523 2731 1614 2799 ἄλλοις
1632 2732 1767 2815 φρουρίοις,
1780 2727 1817 2808 ήει
1833 2723 1870 2794 τήν

291 2820 356 2901 πρός
369 2820 404 2879 τδι
420 2818 511 2880 λοιπά.
554 2819 590 2899 (ι)
611 2819 666 2881 Καὶ
689 2822 791 2898 πρῶτον
815 2822 863 2897 μὲν
885 2817 919 2878 τά
940 2818 1000 2898 περὶ
1021 2817 1068 2890 τήν
1123 2819 1167 2877 ἐπὶ
1191 2818 1300 2899 Πάτρας
1324 2820 1372 2889 τῆς
1385 2814 1496 2898 Ἀχαίας
1516 2825 1649 2898 τραχεῖαν
1672 2819 1726 2877 ὁδόν
1745 2814 1787 2873 καὶ
1799 2810 1870 2880 πάντη

293 2908 419 2990 Ιίύρινθον
430 2906 595 2990 φρούρια,τδι
610 2906 658 2982 μὲν
673 2906 719 2988 βίφ
729 2910 784 2974 τοῖς
794 2905 899 2979 δπλοις,
909 2907 943 2966 τδι
954 2904 981 2966 δὲ
996 2904 1070 2987 φύύῳ
1124 2905 1239 2983 ἀνάντη,
1256 2904 1414 2986 δυσχωρίαις
1432 2930 1461 2966 τε
1484 2908 1595 2974 πολλαῖς
1622 2907 1666 2966 καὶ
1690 2903 1769 2970 τόποις
1784 2898 1871 2961 iiten

292 2999 337 3056 καί
356 2994 537 3073 καταπλήξει,
550 2994 584 3053 τά
600 2994 628 3053 δὲ
653 2994 699 3055 καί
723 2998 808 3053 πειθοῖ
830 2993 895 3054 ἑλών
919 2997 945 3053 ἐν
972 2993 1070 3071 ὀλίγαις
1124 2993 1169 3053 καί
1181 2993 1358 3075 ἀποκρήμνοις
1371 2993 1550 3073 διειργομίνην
1559 2993 1606 3053 καὶ
1618 2993 1771 3071 κλειομίνην.
1807 2983 1866 3046 Ὁόί

292 3083 404 3165 ἡμίραις
424 3084 586 3165 ἐχειρώσατο
600 3083 698 3145 πάντα.
742 3085 775 3160 (ε)
791 3080 869 3143 Μετδι
891 3080 919 3141 δέ
932 3087 1009 3142 τοῦτο
1027 3080 1070 3142 ἐπί
1124 3081 1197 3141 ούδίν
1216 3105 1242 3140 τι
1262 3084 1334 3157 μεῖον
1353 3082 1454 3160 σπουδῇ
1469 3080 1514 3140 καλ
1528 3081 1603 3163 πόνῳ
1623 3078 1773 3164 προύχώρει,
1786 3074 1815 3134 τά
1827 3071 1867 3150 πρδ

291 3173 325 3231 τά
339 3173 411 3232 ἐνδον
424 3177 471 3244 τῆς
488 3171 690 3242 Πελοποννήσου
708 3169 873 3249 προύχώρει,
888 3169 1070 3250 καταστρεφό-
1123 3174 1176 3229 τῶν
1198 3171 1284 3229 ποδῶν
1305 3169 1410 3228 ἅπαντα
1437 3168 1588 3246 ληιζόμενός
1608 3194 1638 3230 τι
1656 3170 1700 3230 καί
1715 3159 1866 3242 καταστριγό·

325 3341 367 3388 IV.
379 3337 395 3400 §
409 3343 420 3387 1
432 3336 549 3401 ἐνόμισεν]
558 3337 594 3387 sic
606 3349 672 3386 man.
685 3343 709 3394 2,
722 3336 825 3397 ἐνόμιζεν
838 3349 871 3384 m.
886 3340 906 3383 1.
921 3333 932 3396 ΙΙ
944 3334 1000 3397 -§
1014 3339 1038 3384 8.
1051 3335 1089 3384 ini
1101 3337 1130 3385 τὰ
1141 3336 1207 3385 istos
1217 3353 1239 3384 τ.
1252 3335 1320 3399 Πελ]
1328 3336 1463 3387 Phruntzes
1476 3349 1502 3399 p.
1512 3338 1567 3395 887,
1578 3341 1594 3386 5
1608 3355 1615 3387 ι
1629 3338 1695 3393 αὐτὸς
1705 3336 1727 3385 ti
1738 3332 1799 3383 titis
1809 3328 1828 3376 ἐν
1839 3330 1869 3389 τῷ

294 3410 359 3470 μίσῳ
370 3413 412 3457 τοῦ
422 3408 496 3457 τόπου
508 3410 548 3456 καὶ
562 3407 640 3456 πάντα
651 3409 680 3455 τά
699 3408 777 3456 ἐκεῖσε
790 3400 821 3454 τά
838 3407 879 3468 μὲν
894 3407 1077 3472 ᾐγμαλώτευσε,
1089 3406 1156 3456 τὰδὲ
1171 3406 1270 3469 ἠφάνισε
1282 3409 1323 3455 καὶ
1342 3407 1470 3470 ἐνέπρησα,
1484 3407 1607 3470 ἐξαιρέτως
1621 3408 1646 3458 di
1659 3409 1700 3465 τήν
1718 3397 1866 3456 'Amisum'

293 3479 368 3528 Ἀετὸν
379 3478 459 3526 καὶτὰ
471 3478 619 3559 Πενταχύρια
628 3475 830 3540 (Πενταχωρίαί),
840 3477 946 3530 κάκεῖθεν
958 3476 1056 3533 ἐξελθών
1069 3478 1133 3525 κατά
1144 3481 1186 3525 τοῦ
1198 3477 1305 3540 Μοχλῖου
1318 3477 1453 3539 ίπίδραμεν.
1464 3479 1518 3526 Sec.
1532 3475 1748 3540 Chalcocondyiem
1758 3487 1779 3537 p.
1789 3471 1828 3519 rm
1836 3478 1867 3528 ⁵¹1·

295 3547 461 3598 Mechemetcs
475 3546 501 3595 iu
513 3547 636 3597 Ptrhuntis
650 3546 749 3608 regione
764 3545 830 3609 cepit
847 3548 963 3609 Tarsum,
975 3545 1063 3596 deinde
1083 3544 1132 3594 atie
1148 3545 1198 3594 duo
1218 3546 1333 3606 coeletis,
1355 3559 1460 3609 quorum
1480 3545 1578 3595 nomine
1596 3559 1645 3597 non
1663 3546 1811 3609 apponuntur.
1826 3540 1868 3585 ²⁰¹⁰

286 3617 401 3682 ,Ἆκρίόην
415 3617 530 3678 (Ὰιιύόαν
543 3616 682 3679 Ρλιτευῑιεο)
695 3620 721 3665 et
729 3616 857 3676 Ῥουπελην
867 3619 992 3674 Φλιασίας.
1002 3615 1064 3666 Hinc
1076 3616 1180 3665 ἐλαύνων
1194 3616 1234 3665 διὰ
1245 3622 1286 3675 τῆς
1298 3618 1437 3674 Μαντινείας
1449 3618 1527 3680 χώρας
1537 3617 1635 3674 ἀφίκετο
1648 3618 1671 3674 ie
1681 3613 1798 3672 nutrisse
1806 3607 1868 3657 πολιν-

294 3690 363 3739 itanc
376 3691 508 3753 postquem
523 3687 647 3737 incassum
660 3693 852 3751 oppugnaverat,
863 3689 978 3753 deinceps
986 3687 1096 3753 perrexit
1108 3686 1134 3736 in
1145 3688 1298 3749 Tegeaticum
1306 3726 1312 3747 ,
1321 3686 1404 3750 ibique
1417 3687 1543 3740 cinsidione
1553 3689 1631 3739 cinxit
1639 3689 1663 3737 ii
1700 3688 1745 3750 ,λῖν
1755 3689 1791 3741 τῆν
1799 3679 1869 3740 Tisia:

294 3759 364 3809 πόλιν
380 3759 420 3809 ἐπὶ
441 3759 529 3822 δχυροῡ
550 3772 575 3807 τε
594 3756 662 3821 όρους
682 3757 722 3804 καὶ
735 3756 835 3819 ἐρυμνοῦ
848 3760 981 3823 ᾠκημάνην.
995 3761 1024 3809 {n
1035 3756 1188 3807 Seadeddino
1199 3757 1250 3819 (ed.
1264 3757 1381 3820 Bututti)
1396 3757 1483 3807 Phlius
1501 3762 1606 3808 vocatur
1619 3754 1684 3809 stlte
1707 3756 1805 3817 ,Tarsus
1821 3758 1868 3796 iem

297 3828 445 3880 rocdmucd
466 3827 573 3891 (nomine
587 3827 693 3885 turcico,
706 3839 755 3889 quo
775 3827 887 3878 redditur
899 3844 947 3880 vox
959 3842 1039 3895 graece
1049 3828 1155 3892 ταρσός).
1165 3829 1263 3878 Muchie
1274 3829 1380 3893 denique
1396 3830 1545 3881 eBrstuttio
1556 3828 1733 3894 corruptumiu
1747 3819 1867 3884 Meneclid-

295 3900 414 3958 Πυῖινὶνη
423 3913 464 3963 ap.
474 3897 578 3948 Nesctrri
589 3901 614 3947 et
623 3896 751 3947 soluitede
761 3897 894 3962 scriptores
904 3899 1042 3953 Bedchene
1052 3900 1135 3949 noceri
1149 3904 1232 3950 monet
1241 3902 1387 3949 Hammerns
1399 3913 1424 3964 p.
1435 3903 1477 3950 ³5.
1490 3902 1581 3949 Tereus
1592 3898 1663 3949 vicus
1672 3897 1795 3947 etiamnum
1804 3888 1870 3968 exstet

295 3971 320 4020 in
334 3970 397 4020 volte
410 3971 508 4020 Arocnii
522 3967 591 4019 duvii
601 3967 634 4017 ed
642 3967 709 4017 viam
720 3980 777 4030 qum
790 3982 806 4017 ιι
819 3973 901 4021 vetere
914 3972 1012 4022 Paltenc
1028 3969 1153 4020 Pheneum
1166 3968 1293 4034 (Pionia)
1310 3968 1387 4020 ducit.
1399 3968 1483 4020 Aoobs
1495 3970 1569 4021 hodie
1582 3968 1674 4020 dicitur
1683 3965 1766 4016 veterio
1779 3956 1869 4011 incudm

296 4039 363 4100 regio
374 4053 389 4089 e
403 4039 505 4090 meridie
519 4038 612 4089 Ladoni
627 4038 702 4088 tiuvic
714 4037 840 4100 edidmus,
851 4031 965 4106 inersque
975 4040 1064 4092 Acobae
1074 4039 1168 4089 cestetii
1179 4039 1257 4089 ruinre
1268 4043 1400 4103 supersunt
1412 4053 1487 4103 pmpc
1501 4040 1599 4090 Gututu
1610 4039 1705 4095 vicum3
1716 4033 1771 4084 oiim
1781 4031 1810 4080 ini
1817 4030 1870 4077 Teu·

296 4110 347 4159 this
361 4111 420 4160 urbs
434 4110 512 4161 stetit.
530 4111 623 4161 Horum
641 4122 700 4159 nero
718 4109 827 4160 iocorum
838 4111 901 4161 situs
919 4113 1019 4163 minime
1032 4110 1099 4160 cedit
1111 4110 1136 4160 in
1150 4110 1216 4159 viem
1234 4114 1327 4159 rectum
1339 4123 1390 4174 quc
1401 4110 1520 4160 Corintho
1535 4125 1579 4176 per
1588 4109 1711 4160 Phliuntis
1725 4108 1750 4155 et
1761 4099 1869 4179 Μεσάτιν

295 4179 405 4241 regiones
416 4179 603 4243 iu'iegeeticem
615 4178 662 4228 iter
673 4182 719 4228 cst.
730 4180 872 4230 Verendum
882 4182 994 4245 igiturne
1004 4181 1129 4245 Byzantini
1141 4193 1186 4244 pro
1194 4192 1318 4229 moresne
1329 4180 1416 4243 priscis
1430 4180 1568 4230 nominibus
1580 4177 1744 4243 geographicis
1753 4169 1868 4223 consistit·

298 4249 309 4313 Ι]
321 4275 351 4285 -
363 4265 389 4298 τε
401 4251 440 4298 καὶ
453 4248 637 4312 κατασκάπτων]
646 4248 702 4299 edd.
716 4263 780 4314 mgo.
793 4250 804 4314 ΙΙ
818 4277 848 4288 -
860 4252 875 4315 §
887 4257 910 4302 4.
923 4260 952 4317 τῇ
964 4255 1039 4316 Τεγέᾳ
1048 4268 1075 4301 π.
1088 4252 1117 4310 ἣν
1131 4254 1154 4301 οῖ
1166 4256 1207 4300 νῦν
1219 4252 1323 4315 Μοχλῖον
1334 4251 1444 4314 καλοῖσι]
1457 4255 1517 4302 iimo
1527 4252 1619 4316 inepto.
1632 4248 1749 4312 Μονχὶίον
1757 4243 1870 4294 Phffissw

295 4334 395 4386 quoque
408 4325 494 4378 vocat,
510 4322 622 4385 Μουχλήν
634 4320 848 4383 ῦΙιιΙυοοοιιιίγΙιιε.
861 4324 940 4374 Hodie
959 4319 1164 4380 patronimico,
1178 4320 1274 4371 cestctii
1295 4322 1372 4372 ruine
1392 4322 1417 4371 in
1437 4321 1570 4372 Parthenio
1591 4323 1674 4370 monte
1686 4317 1717 4367 ed
1729 4316 1789 4365 riam
1800 4317 1870 4387 quet

295 4395 375 4454 Tegee
389 4395 465 4455 Argos
478 4391 556 4441 ducit.
569 4391 727 4442 ohsidionem
738 4393 823 4456 oppidi
834 4394 935 4445 uberius
949 4397 1032 4443 narret
1049 4391 1255 4454 Ghnlmcondytns
1271 4406 1297 4457 p.
1310 4397 1365 4444 447.
1379 4395 1417 4443 ct.
1431 4393 1578 4443 sendcddin.
1593 4407 1618 4457 p.
1635 4396 1694 4441 185:
1710 4385 1799 4447 Quindt
1815 4375 1870 4429 0³4⁰

296 4465 389 4514 contra
404 4463 432 4513 tu
448 4464 513 4514 ctttd
527 4463 556 4514 di
569 4463 848 4528 Moopctlu,lo‹1uclc
860 4465 929 4531 dopo
941 4463 1277 4527 d'esserstntooppnpnnte
1290 4464 1331 4514 tre
1343 4466 1454 4527 etomte
1466 4467 1507 4514 tre
1522 4467 1588 4513 notit
1602 4463 1634 4526 su
1650 4474 1725 4523 presa
1740 4470 1786 4507 con
1803 4450 1870 4502 motti

296 4534 402 4597 sacilitd
417 4548 431 4583 c
449 4536 497 4598 poi
518 4536 624 4584 munito
642 4546 657 4582 e
674 4536 803 4596 coemite
823 4535 896 4586 benc.
910 4537 920 4599 ΙΙ
932 4565 964 4580 -
976 4535 1106 4598 Δημήτριος
1124 4534 1232 4598 Ἀσίνης]
1251 4535 1414 4584 Meminerunt
1429 4535 1482 4598 ejus
1503 4535 1577 4584 eiiam
1601 4530 1686 4581 Chele.
1705 4542 1729 4593 p.
1748 4528 1797 4581 447,
1817 4524 1839 4569 ¹³
1851 4520 1870 4563 ‘²

294 4605 429 4656 Phrsnues
441 4619 466 4670 p.
482 4608 537 4666 387,
548 4608 572 4655 o.
587 4604 598 4668 ΙΙ
610 4632 641 4646 -
656 4604 816 4669 ξυμβαίνουσιΙ
828 4607 864 4656 sic
879 4621 945 4658 mun.
959 4613 982 4667 2,
994 4606 1117 4668 συμύαῖνει
1131 4618 1196 4654 mun.
1216 4609 1237 4654 1.
1252 4605 1263 4667 ΙΙ
1273 4630 1306 4641 -
1316 4603 1331 4667 §
1342 4610 1365 4653 5.
1377 4604 1400 4659 ἐς
1414 4603 1565 4668 Μαντίνειαν]
1578 4602 1616 4654 Gi.
1628 4599 1738 4652 cneius.
1747 4611 1771 4661 p.
1785 4595 1832 4648 tit,
1842 4591 1870 4635 ⁸²

297 4677 340 4734 Ἐς
350 4678 438 4735 ταύτην
451 4684 493 4734 (sc.
503 4677 546 4735 τὴν
555 4675 704 4739 Ἐπίδαυρον)
715 4680 856 4740 καταφυγὼν
868 4680 882 4727 ό
893 4680 968 4741 ἕτερος
979 4684 1026 4728 τῶν
1039 4677 1174 4738 ἡγεμόνων,
1183 4681 1225 4726 τοῦ
1238 4678 1315 4739 ἐτέρου
1328 4677 1351 4733 ἐς
1367 4677 1412 4734 τὴν
1429 4676 1567 4726 Μαντίνειαν
1578 4680 1618 4732 τῆς
1637 4674 1773 4726 Λακωνικῆς
1789 4661 1871 4726 metii

295 4748 403 4811 θαλάσση
417 4746 490 4798 οὖσαν
504 4747 676 4810 καταφυγόντος
689 4747 733 4796 σὺν
747 4753 777 4811 τῇ
792 4750 894 4808 γυναικί.
908 4750 961 4800 situ
975 4749 1030 4799 trec
1043 4748 1166 4798 Mantinea
1178 4748 1209 4796 nd
1222 4748 1302 4797 sinum
1315 4746 1493 4796 messentscum
1507 4746 1533 4795 in
1548 4746 1644 4795 Moeno
1656 4740 1763 4801 regione,
1776 4745 1820 4796 (1¹¹⁰
1829 4729 1872 4809 ΙΨ

295 4817 390 4880 pridem
403 4820 524 4868 steterunt
533 4817 609 4867 ibice.
622 4817 812 4867 itonembnsiem
822 4832 867 4882 pro
876 4822 959 4869 vetere
967 4819 1089 4884 Epidauro
1100 4819 1197 4868 Limera
1202 4815 1409 4878 chnioocondytns
1416 4828 1515 4879 quoque
1523 4814 1642 4864 venditet.
1651 4809 1736 4861 secuto
1747 4802 1871 4856 duodeci!nti

296 4888 414 4953 Epidauri
427 4887 515 4939 iuoolu
527 4888 553 4938 in
566 4888 673 4939 vicinam
683 4889 874 4939 Monembesiam
887 4890 1025 4954 (pristinem
1038 4888 1154 4950 Minoam)
1166 4888 1393 4950 commigraverunt.
1857 4933 1861 4944 ,

328 4963 359 5010 v.
368 4962 431 5018 Quae
442 4959 490 5010 hoc
500 4959 581 5023 cepite
593 4962 618 5008 et
631 4971 684 5022 περ.
697 4957 737 5022 o§
750 4964 761 5008 t
775 4963 915 5020 nouantur,
926 4961 989 5011 eiius
996 4975 1068 5010 nemo
1077 4960 1161 5010 tradit.
1171 4959 1364 5022 Pirrnntzespost
1373 4960 1495 5007 numism
1500 4956 1599 5006 Mochiii
1609 4949 1803 5025 exceptionem
1810 4936 1871 5021 [888

296 5040 321 5091 p.
335 5032 389 5089 887,
403 5034 432 5079 10
445 5047 452 5076 :
465 5030 505 5079 καὶ
516 5032 551 5092 τῷ
563 5029 657 5090 Ἰουλίῳ
668 5029 723 5090 μηνὶ
736 5029 824 5079 ἐκεῖθεν
836 5030 978 5095 ῖπιστρίψας
992 5033 1006 5080 ά
1020 5030 1110 5093 άμηράς
1124 5031 1156 5087 είς
1169 5030 1281 5091 Κόρινθον
1295 5031 1391 5087 ῖπεσεν,
1405 5033 1434 5086 ἢν
1446 5031 1475 5087 δὴ
1487 5030 1527 5079 καὶ
1546 5027 1675 5078 δεδώκασιν
1693 5023 1763 5082 αὐτῷ·
1776 5008 1871 5063 Simu&

295 5097 379 5148 Chalc.
392 5113 420 5162 p.
434 5104 488 5159 448,
504 5105 513 5148 1
529 5116 535 5147 z
550 5100 597 5148 ἀπὸ
609 5104 650 5157 τῆς
661 5098 752 5156 πόλεως
764 5099 815 5163 (τῆς
833 5101 944 5165 Μουχλῆς
962 5102 1009 5164 sc.)
1020 5104 1118 5161 ἦλαυντν
1132 5103 1171 5151 ἐπὶ
1187 5101 1299 5165 Κόρινθον
1316 5101 1356 5148 καὶ
1377 5101 1416 5150 ἐπὶ
1436 5102 1463 5149 τὸ
1474 5099 1579 5149 'iciunis
1593 5084 1818 5159 στρατόπεδονθθΰῖ
1836 5076 1870 5126 θ’)

297 5167 372 5219 rinthi
382 5168 481 5219 demum
490 5168 639 5219 deditionem
653 5171 738 5219 Patres
749 5172 834 5234 ceptus
846 5182 900 5220 esse
914 5174 997 5220 narrat
1008 5170 1175 5221 Seededdinus
1189 5184 1214 5233 p.
1231 5175 1274 5221 185
1287 5190 1307 5219 ι.
1320 5173 1367 5235 pot
1381 5170 1447 5234 (post
1464 5169 1578 5221 Muctrlen
1599 5166 1706 5231 uptam)
1724 5153 1871 5232 mmm.

300 5237 329 5287 ic
339 5238 406 5287 cittd
418 5239 445 5289 di
458 5237 543 5302 cortu
555 5239 582 5302 (i.
596 5252 619 5290 e.
633 5238 791 5303 corinthum)
801 5240 825 5289 et
837 5242 866 5290 tc
876 5254 940 5304 poco
948 5243 1034 5305 spatio
1043 5241 1070 5291 dt
1082 5243 1169 5306 tempo
1181 5255 1289 5307 precere
1299 5255 1366 5291 αιιεο
1377 5240 1459 5304 queil'
1469 5238 1652 5304 inespupnadii
1666 5234 1786 5299 fortean.
1797 5225 1824 5272 Di
1833 5227 1870 5300 pu

295 5309 500 5359 incumcnurcnci
510 5311 600 5359 contro
610 5309 638 5359 tc
649 5311 714 5360 ctttd
724 5311 752 5360 dt
765 5310 931 5364 naut-oedrt
945 5311 972 5376 (i.
983 5325 1004 5362 e.
1017 5312 1123 5376 Patres),
1137 5313 1164 5362 ta
1178 5312 1242 5378 quai
1252 5326 1299 5364 cre
1312 5327 1366 5364 υιια
1376 5311 1447 5364 detis
1456 5310 1600 5379 principaii
1613 5310 1678 5360 ctttd
1693 5305 1721 5358 di
1731 5302 1827 5353 Hom,
1837 5300 1871 5339 ⁸¹¹·
