3838 6030
501 444 677 508 tusrotsa
701 447 755 508 ou
774 434 902 511 abens
923 442 974 509 oa
995 446 1185 508 eisteten.

44 581 223 636 εοεαοιεαίοε
232 580 382 638 murailles.
401 580 526 637 hussitdt
536 581 577 635 les
589 583 709 655 princes
717 601 821 639 accou-

44 677 146 723 rorent
161 678 190 724 et
204 666 287 723 hrcut
302 679 369 741 part
393 666 442 722 des
462 668 598 724 obstacles
611 670 694 743 qu’ils
710 672 822 727 avaient

45 758 225 814 rencontre's.

84 839 114 924 [S
132 840 216 920 ath]
219 883 280 900 .....
289 842 337 899 Un
346 852 413 897 vent
429 842 537 897 violent
545 842 648 899 s’eleva
658 843 770 900 bientot
782 844 822 900 du

43 934 106 989 bois
120 933 155 989 de
174 933 200 987 la
214 932 293 986 croix
308 948 364 1005 que
377 931 405 987 le
418 931 491 985 saint
511 931 622 1005 pondis
642 932 780 1007 portaitir
795 933 822 988 la

42 1022 131 1078 main.
146 1023 187 1077 Le
208 1028 274 1075 vent
296 1017 396 1075 souffla
414 1018 583 1090 fortement,
596 1023 668 1076 aussi
681 1022 751 1077 haut
764 1040 821 1096 que

43 1111 69 1165 ta
92 1110 169 1165 cirne
189 1108 226 1165 de
250 1110 278 1162 la
297 1119 468 1182 montagne3
482 1119 530 1178 et,
545 1126 564 1181 y
580 1109 658 1163 etant
676 1110 785 1183 arrivs,
802 1110 822 1163 il

43 1198 161 1268 abattit,
182 1214 315 1252 renuersa
338 1206 367 1252 et
389 1196 522 1252 deracina
545 1207 610 1251 tout
631 1194 752 1253 l'e'difice
775 1196 824 1253 des

44 1287 134 1341 autels
160 1286 209 1341 des
234 1284 338 1359 idoles,
364 1296 393 1340 et
416 1285 441 1339 le
465 1282 498 1338 tit
520 1286 543 1339 si
566 1286 633 1340 bien
656 1284 823 1359 disparatae

44 1374 135 1448 qu'on
145 1373 294 1449 n'aperqut
305 1374 414 1428 ensuite
421 1373 484 1448 plus
493 1373 554 1427 rien
566 1371 637 1428 dans
646 1382 691 1427 cet
700 1373 823 1441 endroit,

42 1465 70 1518 ni
94 1482 117 1538 p
136 1482 215 1532 erre,
230 1464 260 1516 ni
280 1462 357 1533 bois,
373 1463 403 1517 ni
427 1473 544 1536 argent3
561 1463 580 1516 il
603 1462 732 1517 semblait
754 1461 823 1534 qu’il

42 1553 89 1625 n’y
104 1555 180 1609 avait
191 1550 296 1628 jamais
314 1569 350 1606 eu
364 1552 391 1629 11
404 1550 440 1606 de
453 1552 671 1608 constructione.
686 1551 762 1607 Ceux
773 1553 822 1623 qui

42 1642 82 1714 ἔγ
105 1642 267 1697 trouvaient
297 1640 465 1708 renterrnes,
492 1640 532 1694 les
554 1639 695 1695 ministres
725 1644 823 1714 paiens

43 1740 71 1783 et
88 1729 166 1785 leurs
176 1729 309 1784 sectaires
321 1727 416 1783 iurent
429 1728 567 1797 aniantis3
581 1727 657 1782 leurs
672 1737 823 1781 ossements

42 1818 148 1873 indures
160 1816 342 1891 disparurent
346 1859 416 1874 ......
435 1813 485 1894 (ι).
668 1820 676 1827 “

73 1976 109 2038 (1)
123 1974 162 2023 et
179 1974 203 2024 le
223 1973 286 2023 tecit
304 1972 403 2023 demitte
423 1971 455 2023 de
472 1972 496 2022 la
513 1973 580 2036 prise
588 1971 622 2023 de
635 1971 775 2036 possession
792 1972 824 2023 de

42 2050 109 2097 cette
129 2044 227 2096 locatite
241 2045 340 2109 appetite
361 2043 469 2106 tienne,
484 2058 528 2093 sur
545 2045 568 2094 te
583 2044 706 2093 territoire
723 2043 755 2094 de
778 2045 822 2093 Ba·

43 2116 141 2175 Ιοοοίίι,
154 2116 218 2166 dans
231 2116 255 2166 le
272 2118 360 2166 000100
376 2115 409 2165 de
421 2118 516 2174 Daren,
533 2114 590 2177 qu'a
602 2114 683 2164 donne
698 2114 781 2164 zenob
792 2115 823 2165 de

43 2192 105 2252 Gtag
113 2188 239 2252 (Histoire
248 2187 281 2237 de
293 2188 398 2249 Dareta,
407 2201 431 2250 p.
442 2190 473 2235 36
490 2190 516 2235 et
532 2185 596 2234 suiv.
607 2185 639 2235 de
650 2185 673 2235 la
684 2184 824 2236 traduction

45 2261 95 2308 tran
112 2258 184 2321 eise).

44 2438 111 2497 ὥστε
124 2439 197 2497 ένδον
220 2439 360 2495 εἰσελθεῖν·
377 2438 401 2494 οἱ
424 2436 474 2513 γὰρ
496 2433 567 2492 ἔνδον
582 2433 726 2513 φαντασίας
746 2424 824 2504 ττοιή·ι

45 2550 135 2595 σαντες
151 2525 286 2606 ἐκάλυψαν
306 2524 412 2589 ταύτας.
455 2521 536 2583 'titt
551 2519 603 2597 μὴν
624 2520 683 2580 οὐδὲ
703 2521 824 2588 ἔξωθενδ

46 2616 150 2695 σίδηρος
165 2614 255 2694 ἥψατο
268 2617 315 2683 τῆς
330 2613 476 2687 οἰκοδομῆς.
519 2609 686 2677 Σπεύσαντες
700 2608 727 2667 δὲ
738 2613 762 2667 ot
776 2608 822 2686 eip-

45 2727 134 2783 χοντες
148 2701 301 2772 κατέύησαν
317 2699 493 2776 διηγήσασθαι
505 2701 546 2778 τῷ
560 2695 722 2776 πατριάρχῃ.

84 2795 102 2869 §
119 2794 185 2861 143.
205 2833 288 2852 .......
301 2787 481 2869 Σγυῦρότατος
493 2785 588 2861 οἷνεμος
602 2784 710 2843 ἀπὸτοῦ
724 2785 822 2842 δεσπο-

47 2887 117 2940 τικοῦ
133 2880 261 2957 σημείου,
275 2868 305 2937 οὗ
317 2881 343 2936 έν
353 2882 386 2956 τῇ
398 2876 468 2955 χειρὶ
480 2874 625 2943 ἐόάσταζε,
638 2870 765 2945 πνεύσας,
778 2872 823 2931 καὶ

47 2972 93 3043 τὴν
107 2967 249 3044 οἰκοδομὴν
262 2970 313 3025 τῶν
333 2970 429 3046 βωμῶν
442 2963 539 3044 τύψας,
552 2964 582 3021 ἐκ
599 2961 725 3039 θεμελίων
739 2961 823 3019 κατέ-

48 3059 140 3131 ὅαλιν,
157 3063 205 3130 τῆς
221 3056 355 3139 φάραγγος
368 3053 472 3133 πλήρης
488 3052 647 3125 ἐκπνεύσας,
661 3051 707 3110 καὶ
725 3073 823 3108 παντε-

48 3152 99 3215 λῶς
110 3147 239 3229 έδαρίσας
254 3144 299 3204 τὸν
313 3142 410 3222 τόπον,
423 3143 492 3202 ὥστε
507 3140 573 3221 μηδὲ
591 3139 624 3198 τὰ
640 3139 713 3219 ἴχνια
736 3140 823 3197 αὐτῶν

49 3237 100 3296 ἀπὸ
113 3236 173 3319 τότε
190 3238 321 3317 φανῆναι,
339 3232 385 3291 καί
398 3231 457 3298 τοῦς
471 3233 556 3297 λίθους
571 3229 597 3288 δὲ
619 3227 733 3306 μηκόθεν
749 3230 824 3286 άκον·

1590 449 1646 507 tta

876 650 879 655 .
919 585 942 638 11
968 585 1058 658 gravit
1081 584 1189 638 ensuite
1212 584 1227 637 it
1252 582 1386 636 l'cndroit
1410 583 1450 635 oir
1485 582 1588 636 etaient
1610 582 1650 636 les

876 674 1009 747 ternples,
1023 682 1067 741 et,
1083 682 1166 745 ayant
1180 669 1332 725 rassernble'·
1345 672 1383 725 les
1397 688 1465 744 gens
1477 669 1517 723 du
1531 688 1618 743 pays,
1631 670 1651 723 il

876 762 915 816 les
928 761 1070 816 convertit
1081 779 1116 815 au
1129 760 1203 815 culte
1216 759 1304 815 divin.
1317 759 1339 813 ll
1349 759 1461 830 jetnles
1471 755 1650 813 sondements

877 849 912 904 de
923 848 1027 923 l’e‘glise
1039 859 1068 903 et
1081 849 1160 903 e'leva
1171 867 1210 902 uu
1223 849 1298 902 autel
1311 848 1327 902 a
1340 848 1366 901 lo
1380 848 1471 921 gleire
1492 845 1531 900 du
1547 846 1648 903 Christ.

876 935 982 991 C’estl'a
992 934 1082 1008 qu'on
1093 953 1258 1009 commenca
1273 933 1392 989 d’abord
1403 934 1419 988 ai
1429 933 1589 989 construire
1604 932 1653 987 des

877 1023 973 1098 eglises
984 1033 1013 1078 et
1023 1023 1072 1078 des
1084 1024 1173 1077 autels
1185 1041 1221 1077 au
1232 1042 1299 1076 nom
1313 1020 1349 1076 de
1362 1023 1389 1077 la
1400 1022 1493 1076 Sainte
1504 1022 1611 1076 Trinite
1625 1031 1653 1075 et

876 1112 892 1165 ri
906 1112 1010 1166 e'tablir
1023 1112 1063 1166 les
1077 1111 1151 1166 tonts
1164 1111 1343 1186 baptismaux
1358 1106 1405 1184 (a).
1417 1108 1545 1165 D'abord
1562 1109 1582 1163 il
1594 1127 1650 1183 pu-

877 1197 938 1254 rifia
962 1218 1015 1273 par
1029 1200 1055 1255 le
1070 1199 1202 1274 bapteme
1217 1201 1257 1255 les
1271 1199 1376 1274 grands
1395 1210 1518 1271 satrapes
1536 1197 1586 1270 qui
1599 1196 1652 1252 l'a-

877 1288 969 1343 vaient
989 1289 1180 1362 accompagn&
1203 1289 1217 1342 i
1241 1288 1268 1342 la
1291 1287 1358 1342 ville
1380 1286 1416 1342 de
1438 1287 1566 1351 Cissiis,
1590 1287 1653 1360 puis

879 1376 988 1441 ensuite
996 1376 1034 1431 les
1043 1375 1184 1431 habitants
1194 1375 1232 1430 du
1244 1377 1350 1450 pays.ll
1362 1375 1475 1430 s’arre‘ta
1484 1375 1564 1448 vingt
1571 1373 1654 1444 jours

877 1481 913 1518 en
925 1474 971 1519 cet
983 1465 1106 1532 endroit,
1118 1463 1157 1519 oia
1170 1465 1190 1519 il
1204 1462 1318 1538 baptisa
1330 1465 1394 1538 plus
1406 1463 1442 1519 de
1461 1473 1524 1517 cent
1539 1474 1653 1536 quatre-

877 1552 1020 1627 vingtdix
1035 1554 1113 1608 mille
1128 1572 1290 1627 personncs.
1306 1554 1328 1608 ll
1345 1553 1424 1608 eleva
1436 1571 1476 1607 un
1494 1550 1570 1606 autel
1585 1552 1654 1606 dans

878 1640 903 1694 la
925 1641 1053 1715 chapelle
1075 1642 1115 1697 du
1132 1661 1217 1716 repos
1231 1641 1280 1696 des
1293 1642 1379 1695 saints
1394 1640 1463 1713 qu'il
1485 1639 1562 1694 ovoit
1572 1658 1653 1693 cons-

879 1730 981 1796 truite,
992 1747 1010 1801 y
1023 1730 1136 1785 celebra
1152 1730 1178 1785 le
1192 1728 1316 1784 sacrifice
1329 1729 1473 1794 solutiore,
1487 1737 1514 1781 et
1526 1727 1552 1780 tt
1567 1727 1586 1780 il
1601 1726 1654 1781 dis·

879 1817 970 1872 tribuo
994 1820 1020 1872 le
1040 1837 1125 1891 corps
1140 1830 1168 1873 et
1183 1819 1209 1873 le
1223 1821 1292 1893 sang
1305 1816 1434 1872 virifiant
1453 1817 1492 1871 du
1508 1817 1609 1872 Christ.
1630 1817 1654 1870 11

910 1973 946 2037 (2)
960 1976 1067 2025 Faustus
1075 1974 1106 2025 de
1115 1974 1322 2039 Byzaueeoppetle
1328 1977 1393 2023 cette
1402 1972 1521 2038 premiere
1529 1971 1623 2035 eglise«
1632 1973 1654 2022 ta

879 2046 946 2095 mere
961 2045 1006 2095 des
1016 2045 1105 2109 eglises
1117 2044 1257 2095 d'Armenie
1273 2065 1284 2088 ν
1300 2047 1377 2105 (trist.
1392 2045 1501 2107 tt’Arot„
1516 2045 1566 2103 111,
1580 2048 1603 2103 t,
1617 2048 1654 2093 tt.

880 2142 910 2151 —
921 2118 963 2177 lv,
982 2119 1028 2178 tt).
1045 2117 1095 2166 utre
1109 2118 1149 2166 tut
1160 2117 1267 2167 detruite
1279 2129 1323 2180 par
1339 2115 1512 2184 Absterrabirn,
1527 2126 1607 2164 nereo
1624 2114 1655 2164 de

878 2186 1018 2246 mahomet,
1034 2188 1049 2236 b
1066 2202 1095 2237 οο
1112 2201 1161 2251 que
1181 2201 1243 2237 nous
1268 2186 1376 2251 apprend
1393 2186 1416 2235 Ιο
1429 2185 1601 2236 continuateur
1614 2200 1652 2234 ar·

879 2257 977 2307 menies
990 2257 1021 2307 de
1032 2257 1157 2309 l'itistoire
1171 2258 1202 2308 de
1216 2259 1311 2315 Ze'nob.
1321 2260 1381 2307 Jean
1392 2257 1560 2320 htomigonien.

877 2442 942 2493 eninr
962 2445 1029 2494 intus
1045 2448 1129 2506 erant,
1151 2448 1248 2508 spectra
1263 2443 1401 2508 objiciendo
1420 2444 1473 2492 titas
1491 2442 1654 2492 oeetutatnnt,

877 2558 909 2605 st
922 2568 1003 2620 neque
1014 2556 1167 2607 extrinsecus
1178 2556 1270 2607 terrum
1283 2554 1398 2618 tangebat
1410 2553 1553 2604 edoctum.
1568 2556 1654 2616 ltaque

878 2668 1000 2732 principes
1015 2669 1156 2721 tesbnanter
1167 2669 1278 2731 iverunt,
1290 2666 1436 2732 patriarchas
1449 2666 1496 2716 ista
1509 2664 1654 2715 nuntiaturi.

909 2791 924 2856 §
939 2796 982 2843 143
986 2828 1053 2841 .......
1064 2795 1161 2842 ventus
1169 2789 1425 2841 vehementissimusa
1436 2788 1505 2853 signo
1517 2785 1652 2845 Dominico

878 2892 944 2954 quod
953 2893 979 2943 io
992 2907 1066 2943 manu
1081 2892 1208 2957 gestabat,
1221 2891 1331 2956 spirans,
1344 2888 1525 2951 redituumque
1540 2887 1654 2937 1111011010

878 2996 1033 3058 percutiens,
1047 3008 1063 3044 a
1076 2992 1240 3044 fundamentis
1252 2991 1356 3056 dejecit,
1367 2991 1453 3055 plenus
1465 3004 1495 3039 ex
1509 2989 1572 3038 valle
1586 2987 1651 3049 aspi·

878 3115 949 3163 rous,
963 3104 989 3151 et
1007 3101 1088 3151 locum
1102 3099 1202 3150 omuino
1225 3098 1278 3147 solo
1297 3109 1413 3159 requam,
1434 3097 1464 3143 ut
1478 3106 1524 3143 nee
1541 3092 1655 3141 alterium

878 3202 981 3268 vestigia
992 3202 1023 3253 ab
1037 3202 1079 3252 1110
1092 3204 1202 3265 tempore
1215 3200 1384 3256 cernerentur,
1399 3197 1449 3245 troo
1457 3197 1484 3244 et
1495 3192 1590 3258 lapides
1603 3192 1655 3241 ton-

48 3320 490 3402 τίταςἈλλόῦδὲδχρυσθςκαὶὸ
505 3315 824 3397 άργυρος,όπολὺςοίπο-
850 3332 854 3375 t
880 3305 1145 3370 ίίῑὸθῑῐῑῑθίθῦῑᾶῐθῦίῦῐ·
1179 3308 1212 3354 Ᾰί
1220 3316 1301 3366 11811ῑιθ
1313 3314 1400 3352 mltum
1410 3302 1437 3349 θί
1446 3300 1581 3362 argentum,
1590 3296 1656 3359 (1110(1

49 3416 163 3493 κείμενος
177 3417 204 3473 lv
216 3417 254 3491 τῷ
266 3411 460 3492 ἱερῷ,εῦρέθη,
470 3408 515 3467 καὶ
526 3410 625 3479 πλῆθος
639 3406 666 3464 δὲ
681 3404 825 3483 ἀνθρώποιο
880 3400 905 3457 in
917 3409 1008 3471 tempto
1017 3407 1150 3471 plurimum
1161 3405 1274 3468 jacebat,
1286 3403 1412 3451 inventam
1427 3402 1477 3462 est,
1487 3402 1513 3449 et
1522 3396 1657 3447 multitudo

49 3508 78 3563 ἐκ
86 3507 137 3564 τῶν
145 3500 236 3583 ίερέων
244 3500 289 3560 καλ
299 3502 350 3558 τῶν
362 3495 560 3575 δεισιδαιμόνων
571 3497 597 3554 ίν
607 3496 645 3573 τῷ
653 3493 726 3573 τόπῳ
735 3491 825 3572 ἐκείνῳ
880 3506 1007 3556 nomiman
1024 3519 1055 3555 ex
1075 3502 1244 3554 sacerdotibus
1263 3504 1289 3552 ης
1313 3492 1490 3564 superstitiosis
1510 3496 1535 3545 in
1547 3495 1602 3545 1000
1616 3494 1657 3545 {110

50 3593 193 3663 ἀπέθανον,
210 3588 277 3665 μηδὲ
293 3591 343 3646 τῶν
363 3585 560 3655 detineatscitis
576 3580 731 3662 εὑρεθέντων
735 3625 821 3643 .......

90 3679 166 3742 hired
178 3679 205 3738 δί
213 3683 298 3738 ταῦτα
310 3674 422 3736 ἀνελθὼν
434 3677 468 3740 είς
479 3672 521 3731 τὸν
530 3670 608 3731 τόπον
619 3673 698 3749 ἱεροῦ,
709 3669 825 3728 κα1συν-

51 3771 113 3839 άξας
129 3769 187 3838 τοὺς
205 3764 371 3847 ἀνθρώπους,
383 3764 518 3822 ἐδίδασκεν
530 3760 577 3832 τήν
593 3758 749 3836 θεογνωσίαν
757 3805 766 3831 ,
780 3759 825 3815 καὶ

51 3861 186 3919 κατέθεντο
209 3859 243 3916 τὰ
264 3853 373 3932 θεμέλια
394 3856 441 3923 τῆς
464 3849 604 3920 ἐκκλησίας
625 3850 652 3907 ἓν
669 3847 757 3912 αὐτοῖς
772 3856 825 3913 τοῖς

52 3950 151 4020 τόποις,
163 3946 209 4006 καί
221 3946 331 4015 ἔστησεν
343 3939 528 4019 θυσιαστήριον
541 3940 568 3996 ἐν
580 3936 689 4012 ὀνόματι
697 3938 743 4006 τῆς
753 3934 827 4004 δόξης

52 4045 96 4097 τοῦ
119 4039 204 4109 Θεοῦ,
222 4024 306 4096 ἐκεῖσε
327 4035 354 4090 ἐν
376 4029 488 4109 πρώτοις
507 4026 650 4106 ἀρξάμενος
677 4025 824 4095 ἐκκλησιῶν
864 4094 866 4098 1

53 4129 188 4203 οἰκοδομῆς
208 4124 254 4184 καί
275 4120 463 4184 καταστάσεως
482 4113 672 4194 θυσιαστηρίων
688 4114 724 4179 εἰς
742 4111 826 4190 ὄνομα

53 4221 98 4275 τοῦ
116 4214 248 4297 Χριστοῦ·
265 4211 311 4272 καὶ
326 4210 467 4287 ἑτοιμάσας
480 4209 609 4284 λουτῆρας
625 4200 824 4282 βαπτίσματος,

54 4308 153 4387 πρῶτον
170 4305 217 4381 μὲν
232 4302 290 4368 τοῦς
305 4301 363 4377 μετ’
379 4299 457 4358 αὐτοῦ
478 4291 684 4358 συνοδεύσαντας
699 4291 828 4370 μεγάλους

55 4394 188 4475 σατράπας
202 4389 372 4460 ἐπελθόντας,
392 4385 492 4467 ἡμέρας
514 4383 540 4441 δὲ
557 4382 638 4441 εἴκοσι
654 4382 681 4439 έν
702 4382 735 4458 τῇ
759 4379 826 4458 αὐτῇ

56 4483 157 4565 πατρίδι
186 4480 369 4560 παραμείνας,
394 4474 519 4539 έῦάπτισε
554 4471 659 4534 πλείους
680 4464 755 4527 ἐννέα
781 4467 826 4524 καὶ

57 4570 119 4631 δέκα
131 4572 256 4653 μυριάδας
268 4564 428 4646 ἀνθρώπων·
442 4561 487 4620 καὶ
501 4559 601 4632 στήσας
612 4554 785 4635 θυσιαστήρια
799 4555 826 4611 ἓν

57 4670 109 4727 τοῖς
122 4657 271 4743 μαρτυρίοις
284 4658 335 4713 τῶν
351 4652 449 4731 ἁγίων,
465 4657 520 4716 τοῖς
532 4650 576 4706 ὑπ’
591 4648 670 4705 αὐτοῦ
687 4643 826 4719 οἰκοδομη-

57 4753 148 4823 θεῖσαν,
172 4746 349 4829 προσήνεγκεν
372 4737 522 4820 προσφοράς
546 4734 697 4813 σωτηρίων,
725 4732 771 4790 καὶ
797 4732 827 4791 τὸ

58 4840 178 4907 ζωοποιδν
188 4840 267 4915 σῶμα
280 4832 325 4892 καί
341 4822 407 4908 αἷμα
417 4834 462 4887 τοῦ
476 4830 596 4904 Χριστοῦ
609 4824 739 4900 μετέδωκε
751 4830 825 4879 πᾶσι·

59 4930 104 4987 καὶ
110 4926 263 5008 προσέταξεν
273 4920 422 4982 ἐπιτελέσαι
433 4919 492 4976 κατ’
500 4915 556 4981 ἔτος
570 4916 595 4972 ἐν
606 4916 644 4993 τῷ
655 4913 729 4989 τόπιρ
740 4912 829 4987 ἐκείνῳ

60 5016 107 5087 τήν
119 5021 167 5076 τῶν
180 5012 321 5094 μαρτύριον
336 5008 442 5085 μνήμην
458 5004 558 5105 ἑόδόμη
573 5007 619 5060 τοῦ
636 4998 715 5076 μηνὸς
731 4998 827 5073 Σαομὴ

60 5095 125 5154 κοιτίι
135 5096 223 5176 χώραν
233 5088 391 5170 λεγομένου,
400 5084 468 5145 κατδι
480 5084 508 5143 δὲ
529 5081 670 5155 Ρωμαίους
682 5075 828 5156 όκτωόρίιμ,

60 5178 127 5251 ὅπως
141 5184 206 5263 μετδι
216 5180 343 5248 πλείστης
354 5182 435 5257 χαρᾶς
447 5169 615 5250 συναχθέντες
625 5165 673 5238 τήν
683 5162 828 5243 πανήγυριν

62 5272 156 5347 έκείνης
174 5275 220 5345 τῆς
245 5266 347 5347 ἡμέρας
362 5261 537 5343 έομτάσωσιν,
553 5256 646 5326 ἐπειδὴ
661 5257 772 5312 ἐνταῦθα
787 5255 831 5309 ἐκ·

881 3609 971 3661 mortui
983 3612 1056 3671 sunt,
1069 3622 1101 3659 ue
1114 3606 1213 3658 ossibus
1226 3604 1327 3668 quidem
1347 3615 1432 3653 eorum
1453 3599 1639 3650 inventis........

911 3713 972 3762 Post
983 3711 1037 3761 haee
1057 3707 1196 3773 procedens
1212 3706 1337 3756 adlocuta
1359 3702 1445 3766 templi
1464 3705 1490 3751 et
1511 3713 1657 3764 congregans

880 3812 1004 3873 homines,
1015 3810 1118 3861 docebat
1131 3809 1176 3859 Dei
1185 3806 1346 3871 cognitionem
1359 3807 1401 3854 :et
1410 3802 1489 3867 posita
1502 3804 1559 3851 sunt
1568 3799 1655 3849 t'unda·

881 3916 963 3965 urente
978 3911 1088 3963 ecclesie
1102 3911 1126 3960 in
1138 3908 1227 3959 iisdem
1241 3907 1314 3966 locis,
1325 3909 1350 3955 et
1368 3904 1445 3955 erexit
1461 3904 1538 3952 attare
1552 3899 1584 3949 ad
1603 3899 1654 3963 qlo-

883 4010 943 4060 riom
955 4010 1014 4069 Dei,
1024 4009 1059 4059 ibi
1069 4008 1176 4074 primum
1189 4003 1306 4069 incipiens
1322 4002 1445 4052 tndiheue
1456 3998 1575 4050 ecclesias
1588 3998 1613 4045 et
1624 3996 1658 4044 al-

881 4103 940 4153 taria
955 4101 1049 4167 erigere
1062 4100 1160 4150 nomine
1175 4098 1287 4149 Christi·¹
1303 4096 1494 4160 preparatisque
1508 4090 1613 4142 lavacris
1626 4088 1657 4137 art

880 4198 1068 4263 baptizandum,
1091 4196 1198 4261 primum
1226 4193 1326 4258 quidem
1349 4205 1450 4256 magnos
1469 4191 1596 4251 satrapas,
1615 4184 1659 4249 qui
1692 4192 1697 4199 ·

880 4294 974 4346 itineris
995 4292 1099 4343 comites
1121 4291 1232 4351 tuerent,
1247 4286 1392 4338 aecedentes
1411 4282 1556 4348 baptizavit,
1571 4278 1658 4329 deiude

880 4407 939 4444 sero
949 4393 1033 4457 viginti
1043 4390 1132 4440 diebus
1143 4389 1168 4438 tn
1179 4386 1265 4438 eadent
1274 4397 1418 4449 permanens
1430 4379 1567 4445 provincia,
1576 4377 1659 4440 plures

880 4502 955 4554 quam
978 4500 1066 4538 norem
1088 4486 1115 4536 et
1134 4484 1220 4533 docem
1242 4481 1368 4531 hominurn
1388 4474 1521 4539 myriadas.
1563 4470 1659 4521 Erectis

881 4598 982 4649 quoque
996 4582 1114 4634 altaribus
1126 4580 1152 4630 in
1163 4578 1241 4629 sacris
1255 4578 1393 4628 sanctorum
1407 4575 1543 4633 martyrum
1552 4566 1656 4627 edibus,

882 4696 944 4746 quas
968 4682 1021 4746 ipse
1035 4676 1218 4735 edificaverat,
1232 4670 1324 4723 obtulit
1344 4666 1464 4719 sacrificia
1486 4663 1617 4725 salutaria,
1633 4667 1659 4713 et

882 4776 1036 4827 salutiferum
1051 4771 1143 4823 Christi
1156 4780 1246 4831 eorpus
1256 4768 1282 4816 et
1296 4761 1438 4827 sanguimen
1448 4757 1574 4811 distribuit
1583 4757 1659 4807 omni-

883 4870 929 4920 bus
940 4888 946 4919 :
959 4873 1078 4934 praeterea
1089 4861 1225 4921 mandavit,
1240 4863 1269 4910 ut
1280 4856 1412 4922 quotannis
1429 4854 1454 4904 in
1465 4855 1519 4904 loco
1534 4853 1577 4903 1110
1591 4865 1656 4901 mar·

883 4968 963 5027 tyrum
979 4963 1096 5015 memoria
1112 4957 1277 5010 celebraretur
1289 4952 1392 5015 septima
1405 4949 1445 4999 die
1464 4946 1557 4998 mensis
1572 4951 1658 4997 saone

883 5063 908 5112 in
921 5063 976 5111 loco
987 5061 1029 5110 illo
1043 5057 1119 5118 dicti,
1130 5053 1264 5107 seeundum
1280 5054 1400 5100 Romanos
1410 5057 1493 5094 mense
1504 5041 1620 5102 Octobri,
1631 5044 1660 5092 ut

882 5157 986 5208 maximo
1007 5152 1174 5218 congaudio
1196 5144 1333 5214 cougregati
1354 5141 1512 5193 testivitatem
1528 5138 1597 5189 illius
1609 5136 1658 5187 diei

883 5251 1018 5310 celebrent,
1031 5242 1229 5311 qundoquidem
1248 5238 1374 5291 eedesiam
1391 5235 1417 5284 in
1430 5231 1549 5297 pnnepto
1565 5228 1658 5283 ibidem
