3906 6034
680 789 1141 896 ’ΚΡΙΤΟΒΟΥΛΟΥ
1179 724 1505 901 ΕΠΙΣἹὈᾸΗ

301 1035 363 1110 πρὸς
376 1049 416 1095 τὸν
434 1041 543 1107 υίγιστον
565 1041 735 1106 αὐτοκράτορα,
749 1043 894 1106 περιέχουσα
910 1042 949 1091 τὸν
968 1044 1059 1094 σκοπδν
1080 1049 1122 1092 τοῦ
1143 1045 1248 1108 βεδείου,
1260 1046 1301 1095 καὶ
1314 1046 1344 1095 τά
1360 1046 1385 1094 ίν
1402 1044 1467 1109 αύτῷ
1485 1047 1640 1110 ἱστορούμενα
1656 1049 1710 1098 κατ’
1730 1050 1845 1114 ἐπιτομὴν
1859 1044 1897 1102 καί

341 1156 392 1176 Ν,
873 1114 915 1172 τήν
929 1112 1005 1162 αῑτίαν
1016 1114 1120 1172 δηλοῦσα
1128 1120 1168 1174 τῆς
1178 1115 1315 1179 ξυγγραφῆς.

342 1260 521 1341 Αὐτοκράτορι
531 1260 644 1338 μεγίστῳ
655 1261 759 1338 βασιλεῖ
770 1258 897 1337 βασιλέων
906 1259 1066 1339 Μεχεμίτει,
1124 1251 1195 1321 δόννε
1210 1254 1256 1314 καὶ
1271 1259 1321 1313 τῶν
1340 1258 1399 1315 κατ’
1411 1258 1508 1317 ίκιῒνον
1531 1260 1683 1337 στρατηγῶν
1704 1282 1733 1318 τε
1752 1259 1798 1318 καί
1818 1263 1894 1338 βασι-

306 1350 542 1428 ιύτυχιί,νικητῆ,
552 1345 736 1427 τροπαιούχῳ,
746 1346 920 1426 θριαμύευτῆ,
933 1347 1066 1428 ἀηττήτῳ,
1123 1340 1203 1416 λε’ων,
1218 1342 1256 1418 μὴ
1273 1344 1414 1415 ἑλληνικῶς
1426 1348 1451 1412 ἀς
1463 1343 1663 1416 τούςἜλληνας
1678 1348 1817 1418 ἐκδοθῆναι
1830 1349 1894 1425 μηδὲ

302 1436 384 1516 κυρίῳ
395 1441 443 1513 γῆς
454 1437 499 1493 καί
516 1430 649 1506 θαλάσσης
662 1437 720 1492 θεοῦ
737 1433 879 1510 θελήματι,
895 1434 1068 1512 Κριτόύουλος
1123 1430 1161 1508 τῷ
1177 1429 1246 1505 μετά
1259 1437 1342 1490 ταῦτα
1363 1431 1450 1513 χρόνῳ
1469 1434 1651 1511 παραδοθῆναι
1674 1435 1700 1499 ἀς
1723 1436 1830 1493 ίπαινον
1852 1436 1896 1513 μὲν

302 1525 390 1590 δοῦλος
402 1522 517 1595 εύτελής.
1126 1517 1218 1595 ἀγήρω
1231 1517 1277 1575 καλ
1291 1516 1370 1594 τιμὴν
1384 1525 1429 1580 τοῦ
1446 1522 1661 1600 κατωρθωκότος,
1675 1521 1785 1596 μίμημα
1804 1522 1834 1583 δὲ
1855 1525 1898 1581 καὶ

341 1612 453 1670 Πολλῶν
470 1608 516 1668 καί
540 1606 660 1686 μιγαλων
688 1606 770 1686 ἔργων
796 1607 936 1688 αύτουργδν
957 1605 1020 1665 ὄντα
1040 1630 1069 1667 σε
1124 1603 1237 1679 μάθημα
1255 1605 1393 1665 κάλλιπον
1412 1615 1466 1673 τοῖς
1489 1607 1752 1674 σπουδαίοις·καίτοι
1772 1608 1804 1667 σύ
1820 1634 1853 1687 γε
1868 1612 1897 1681 δή

302 1700 384 1778 δρῶν,
400 1688 422 1756 ῶ
438 1697 546 1775 μίγιστι
568 1695 754 1775 αθτοκράτωρ,
768 1696 813 1753 καί
832 1696 936 1754 πολλῶν
958 1694 1003 1754 καὶ
1018 1717 1068 1771 με·
1124 1692 1202 1769 μόνος
1224 1694 1352 1772 βασιλέων
1366 1694 1384 1766 ἢ
1400 1695 1495 1774 κομιδῇ
1519 1693 1561 1763 ξὺν
1583 1694 1678 1774 ὀλίγοις
1698 1695 1762 1775 ἔργα
1783 1695 1898 1778 ξυνῆψας

301 1786 389 1864 γάλων
404 1787 455 1843 τῶν
474 1782 559 1842 πάλαι
575 1782 642 1862 φημὶ
662 1784 813 1860 στρατηγῶν
832 1780 919 1840 τεκαὶ
940 1780 1069 1860 βασιλίσιν
1124 1779 1171 1839 καί
1184 1780 1275 1858 λόγους
1287 1783 1331 1840 καί
1345 1783 1497 1864 φιλοσοφίαν
1512 1783 1557 1841 καλ
1571 1782 1724 1860 βασιλείαν,
1740 1787 1755 1842 θ
1769 1784 1849 1852 αύτδς
1864 1785 1897 1845 ῶν

301 1878 463 1954 κρατοῦντα,
481 1872 510 1930 οὗ
525 1871 602 1948 μόνον
622 1871 733 1949 Περσῶν
746 1892 775 1927 τε
795 1869 839 1927 καί
853 1871 904 1928 τῶν
924 1868 1009 1927 ἀλλων
1026 1893 1071 1947 γε·
1127 1894 1140 1919 ι
1153 1867 1274 1945 βασιλεύς
1285 1872 1309 1926 τ’
1321 1870 1415 1948 ἀγαθὸς
1427 1869 1550 1949 κρατερός
1562 1893 1591 1928 τε
1603 1871 1727 1949 μαχητής
1739 1899 1761 1929 ι.
1806 1872 1842 1949 (α)
1855 1875 1900 1933 Διά

302 1963 369 2034 νῶν,
383 1959 451 2018 ἀλλά
463 1959 495 2030 δὴ
508 1958 554 2017 καί
568 1957 709 2033 Ῥωμαίων
724 1956 810 2015 τεκαὶ
824 1955 973 2029 Ἑλλήνων,
985 1954 1028 2016 ἐπί
1042 1979 1069 2014 τε
1126 1954 1158 2027 δή
1176 1980 1221 2034 μοι
1235 1956 1281 2015 καί
1293 1956 1425 2036 προσῆκόν
1436 1981 1465 2017 τε
1477 1956 1534 2032 ἅμα
1549 1959 1595 2016 καὶ
1615 1958 1714 2018 δίκαιον
1726 1958 1798 2027 ἔδοξε
1812 1965 1848 2040 τῇ
1867 1964 1898 2038 σῇ

301 2047 362 2127 δοἜγγ
377 2047 422 2106 καί
437 2047 542 2128 ἀνδρείῳ
557 2045 603 2106 καλ
621 2045 742 2126 φρονήσει
754 2044 799 2103 καί
811 2049 973 2125 στρατηγικῇ
990 2048 1070 2122 ἀρετῇ

301 2135 355 2194 οὐδ’
371 2134 430 2193 ὅσον
446 2134 538 2202 ἐξεῖναι
552 2133 596 2192 καί
614 2132 805 2211 παραόάλλειν,
820 2134 848 2190 ού
869 2132 966 2191 δίκαιον
983 2132 1070 2212 ᾠήθην

303 2222 414 2289 ἀκείνους
423 2221 470 2299 μίν
482 2221 526 2281 καί
534 2223 567 2281 τὰ
579 2222 682 2280 ἐκείνων
693 2219 756 2301 ίργα
766 2220 811 2279 καί
820 2219 924 2299 πράξεις
934 2217 960 2287 ἐξ
972 2219 1070 2278 ἐκείνου

302 2310 382 2391 μίχρι
398 2307 444 2368 καλ
458 2314 502 2367 νῶν
524 2313 557 2388 τῆ
578 2308 686 2387 διαδοχῇ
708 2311 754 2366 τοῶ
777 2304 871 2385 γρόνου
891 2307 1070 2386 παραδοθέντα

300 2406 358 2465 ταῖς
377 2397 546 2469 Ἑλληνικαῖς
568 2393 692 2471 ἱστορίαις
713 2394 758 2453 καί
783 2394 940 2476 ξυγγραφαίς
964 2394 1071 2474 ᾅδεσθαι

303 2484 349 2545 καί
367 2485 544 2560 θαυμάζεσθαι
565 2482 639 2560 παρά
669 2489 736 2539 πάσι
758 2481 803 2540 καί
820 2480 926 2559 μνήμης
943 2482 969 2549 ίς
987 2480 1069 2541 ἀίδιον

1128 2045 1213 2124 ἀγαθῇ
1228 2044 1296 2125 τύχη
1311 2046 1471 2125 θαρρήσαντι
1484 2044 1528 2104 τδν
1547 2044 1663 2124 παρόντα
1680 2045 1757 2105 πόνον
1773 2048 1898 2115 ἀναδέξα-

1128 2134 1203 2203 σθαι,
1218 2132 1264 2189 καί
1280 2130 1325 2197 τάς
1339 2133 1387 2197 σάς
1403 2130 1534 2208 ἀριστείας
1549 2132 1594 2191 καί
1607 2131 1727 2211 πράξεις,
1743 2136 1837 2215 πολλῷ
1852 2140 1898 2193 τῶν

1127 2216 1215 2275 ἀλλων
1230 2218 1399 2296 διαφερούσας
1413 2220 1482 2277 κατά
1496 2242 1524 2278 τε
1544 2221 1641 2290 πλῆθος
1662 2219 1707 2277 καί
1729 2220 1856 2300 με’γεθος,
1869 2228 1899 2289 ὡς

1125 2295 1178 2363 οἷόν
1189 2305 1216 2363 τί
1226 2329 1287 2380 μοι,
1297 2307 1419 2384 ίλληνικῆ
1431 2304 1565 2386 ξυγγραφῆ
1576 2308 1749 2386 παραδοῦναι.
1775 2310 1810 2387 (ε)
1820 2307 1899 2376 Ἴσως

1126 2392 1173 2468 μίν
1187 2393 1237 2472 γάρ
1258 2392 1303 2452 καλ
1318 2392 1411 2453 πολλοὶ
1431 2398 1482 2453 τῶν
1504 2393 1650 2472 ἐλλογίμων
1664 2394 1783 2475 Ἀράόων
1804 2401 1897 2456 τεκαὶ

1126 2481 1236 2556 Περσῶν
1258 2478 1442 2560 ἀκριόίστερον
1465 2480 1644 2560 ἀναγράψουσι
1665 2480 1762 2549 ταύτας
1783 2484 1899 2551 καὶτοῖς

302 2571 456 2647 ἀπολαύειν,
466 2570 494 2629 σί
506 2570 549 2643 δί,
558 2575 671 2629 τοιοῦτον
681 2568 743 2627 ύντα
752 2567 797 2626 καλ
806 2572 957 2642 τηλικοῦτον
964 2612 973 2642 ,
984 2568 1071 2639 πάσης
1125 2565 1215 2646 ίφεξῆς
1225 2567 1441 2647 παραδώσουσιν,
1451 2568 1621 2644 ἐπιστάμενοί
1635 2591 1663 2627 τε
1674 2570 1761 2634 καλῶς
1773 2569 1823 2628 καί
1838 2593 1901 2647 περ·

301 2682 329 2718 τι
344 2658 436 2739 σχεδδν
450 2663 498 2731 τῆς
511 2659 554 2739 ὑφ’
564 2657 640 2729 ἡλίου
657 2661 803 2737 κρατοῦντα
818 2656 863 2714 καί
875 2659 1006 2736 λαμπροῖς
1024 2657 1071 2715 καί
1124 2655 1330 2726 ηκολουθηκάτες
1348 2663 1402 2723 τοῖς
1423 2656 1521 2736 ἔργοις·
1535 2656 1607 2716 nidis
1627 2655 1655 2714 δὲ
1670 2646 1723 2716 οἷον
1736 2659 1754 2726 ἡ
1767 2661 1824 2717 τῶν
1839 2657 1900 2716 Ἐλ-

304 2748 429 2827 μεγάλοις
444 2746 633 2823 σεμνυνόμενον
648 2743 749 2824 ίργοις,
763 2747 789 2810 ἀς
809 2743 851 2803 τδν
874 2742 965 2803 ίπειτα
979 2742 1070 2823 χρόνον
1125 2744 1212 2814 λήνων
1232 2745 1319 2823 φωνή,
1334 2742 1456 2819 μίγιστον
1478 2744 1574 2822 ίχουσα
1589 2742 1669 2831 παρὰ,
1677 2753 1743 2804 πᾶσι
1762 2746 1795 2806 τὸ
1814 2746 1898 2812 κλέος.

303 2835 452 2917 ἀμάρτυρον
467 2835 536 2914 ίχειν
551 2834 597 2904 τήν
613 2832 717 2913 ἀρετήν,
731 2832 776 2890 καλ
790 2831 824 2890 cd
840 2830 1008 2891 πλεῖστακαί
1021 2829 1070 2907 με’-
1127 2832 1243 2892 Κάκεῖνα
1266 2830 1314 2905 μὲν
1340 2830 1454 2908 Πέρσαις
1475 2830 1520 2889 καλ
1542 2828 1652 2912 Ἄραψιν
1678 2830 1752 2891 ἔσται
1775 2834 1900 2913 γνώριμα

302 2947 380 3003 γιστα
397 2924 442 2984 καί
455 2924 583 2984 κάλλιστα
597 2925 649 2980 τῶν
670 2920 751 3001 ἔργων
766 2923 818 2980 τῶν
831 2923 884 2979 σῶν
903 2918 992 2998 ὥσπερ
1012 2918 1071 2979 τινδι
1124 2916 1213 2994 μόνοις
1235 2917 1281 2975 καὶ
1301 2925 1353 2985 τοῖς
1371 2913 1492 2977 ίπαίουσι
1506 2916 1554 2991 τήν
1569 2922 1673 2977 ἀκτίνων
1693 2918 1799 3000 φωνήν·
1817 2927 1901 2980 ταῦτα

301 3015 352 3071 τῶν
375 3013 480 3093 ἀφανῶν
505 3009 551 3069 καλ
574 3007 671 3078 ἀδόξων
692 3009 822 3086 μηδεμιῆς
842 3011 904 3086 γοῦν
929 3007 1034 3085 μνήμης
1053 3006 1071 3078 ἢ
1127 3005 1154 3064 δδ
1169 3007 1218 3085 ούχ
1228 3004 1346 3076 Ἕλλησι
1360 3007 1453 3082 μόνον,
1467 3005 1535 3064 ἀλλά
1549 3007 1594 3065 καὶ
1609 3014 1661 3074 τοῖς
1675 3008 1805 3088 ἑσπερίοις
1817 3010 1902 3070 ἀπασι

301 3098 449 3180 ξυγγραφῆς
465 3100 622 3172 Ἑλληνικῆς
642 3097 750 3164 ἀξιῶσαι
770 3095 828 3163 τοὺς
847 3101 909 3170 νῦν,
922 3097 981 3153 ἀλλ’
996 3098 1070 3154 idem
1126 3097 1178 3151 τῶν
1192 3095 1290 3166 γενῶν,
1305 3092 1351 3150 καὶ
1366 3092 1397 3163 δή
1414 3092 1460 3151 καί
1474 3101 1527 3159 τοῖς
1541 3092 1590 3161 ίξω
1604 3096 1714 3166 Στηλῶν
1728 3095 1773 3154 καὶ
1786 3106 1844 3164 τοῖς
1855 3097 1903 3165 τδς

300 3192 382 3245 ταῦτα
406 3186 487 3258 λήθης
508 3186 690 3264 παραδοθῆναι
711 3186 811 3262 βυθοῖς,
833 3182 878 3239 καί
899 3180 934 3239 τά
950 3182 997 3256 μὲν
1016 3184 1067 3239 τῶν
1127 3178 1300 3258 Βρεταννικάς
1313 3178 1407 3250 νήσους
1422 3182 1520 3240 οἰκοῦσι
1533 3181 1580 3240 καί
1593 3183 1698 3248 πολλοῖς
1717 3180 1809 3249 ἀλλοις
1823 3186 1902 3257 κοινή

302 3273 388 3328 ἀλλων
402 3270 478 3348 ἔργα,
488 3267 587 3346 σμικρά
601 3291 630 3328 τε
643 3268 706 3326 ὄντα
719 3266 765 3326 καί
776 3269 834 3324 κατ’
846 3265 920 3324 οὐδὲν
935 3266 1070 3326 ἀπεοικότα
1125 3288 1165 3334 τις
1178 3265 1252 3325 ίσται
1265 3266 1399 3345 φιλοτιμία
1412 3267 1458 3326 καί
1467 3271 1555 3344 θαῦμα
1567 3270 1592 3335 ἀς
1603 3268 1650 3340 τήν
1660 3267 1759 3329 ἀκτίνων
1773 3270 1904 3345 γλῶτταν

301 3361 354 3422 τοῖς
368 3364 436 3429 σοῖς,
450 3356 516 3414 πολύ
531 3378 571 3414 τοι
589 3353 777 3435 ἐπιφανέστερα
791 3354 1070 3431 καὶάπικυδέστεραίς
1125 3352 1330 3432 ίρμηνευθίντα,
1360 3352 1498 3433 φιλίλλησί
1525 3376 1553 3413 τε
1577 3345 1635 3413 ούσι
1659 3355 1703 3413 καί
1725 3353 1759 3412 nd
1784 3362 1904 3416 τοιαῦτα

302 3443 450 3523 ἀνθρώπους
463 3441 540 3502 ἀνικά
551 3464 581 3520 γε
591 3439 728 3512 Ἑλλήνων
739 3438 784 3499 καλ
796 3444 843 3511 τῆς
853 3439 988 3509 Ἑλλήνων
999 3442 1069 3498 lese·
1125 3441 1286 3508 σπουδαίοις.
1327 3440 1365 3501 ‘0
1376 3440 1408 3512 δή
1421 3464 1454 3517 με
1465 3443 1510 3501 καί
1524 3443 1624 3517 μᾶλλον
1638 3444 1719 3522 ἀπῆρε
1730 3441 1796 3523 πρδς
1808 3450 1903 3519 τοῦτο,

304 3530 359 3608 ρίας
372 3530 507 3608 γενέσθαι,
516 3530 563 3595 τὰς
578 3527 606 3587 δά
619 3530 666 3595 σάς
680 3527 803 3608 πράξεις,
816 3526 942 3607 μεγίστας
952 3550 981 3585 τε
992 3526 1070 3594 οὔσας
1124 3527 1235 3595 πολλοὺς
1250 3528 1315 3597 ἕξειν
1335 3528 1500 3606 λογιζόμενον
1515 3527 1562 3588 καί
1583 3528 1674 3609 κριτάς
1690 3528 1735 3588 καλ
1761 3530 1904 3613 μάρτυρας

302 3618 346 3678 καί
359 3622 417 3676 κατ’
428 3617 500 3675 οὐδὲν
510 3615 660 3682 ἀπεοικυίας
671 3619 722 3674 τῶν
735 3615 902 3694 Ἀλεξάνδρου
916 3619 961 3674 τοῦ
975 3617 1070 3675 Μακε-
1124 3619 1171 3686 τῆς
1184 3618 1247 3689 ἐμῆς
1264 3614 1420 3696 ξυγγραφῆς.

279 3806 288 3824 ·
331 3784 451 3835 critobuli
462 3797 525 3846 opus
539 3787 663 3838 superstes
682 3781 756 3831 estin
779 3795 827 3831 uno
836 3780 921 3831 codice
938 3781 982 3844 qui
998 3784 1110 3831 servatur
1123 3781 1330 3845 Constantinopoli
1343 3781 1368 3830 in
1380 3782 1529 3832 bibliotheca
1539 3781 1621 3846 palatii
1631 3783 1785 3846 imperatoris
1802 3788 1904 3837 Tusco·

301 3870 365 3907 ram,
378 3854 514 3905 Proemissne
528 3866 587 3904 vero
599 3853 708 3917 epistole
724 3852 787 3902 duas
806 3840 925 3902 liabemns
940 3851 1104 3913 recensiones,
1119 3851 1220 3902 atteram
1236 3850 1452 3914 brevioremque
1467 3853 1519 3903 sola
1531 3866 1596 3903 nnnc
1609 3854 1633 3902 in
1648 3854 1734 3904 codice
1748 3860 1852 3920 exstat,
1867 3859 1905 3909 al·

300 3930 379 3976 teram
400 3924 619 3989 plenioremque
640 3923 666 3973 in
679 3936 767 3973 manns
781 3921 848 3973 venit
864 3920 995 3972 Alexandri
1012 3922 1134 3972 lobonow
1154 3922 1282 3985 principis.
1297 3935 1312 3971 a
1325 3936 1375 3985 qno
1394 3927 1481 3972 nactus
1497 3937 1552 3973 eam
1568 3923 1768 3974 Tiscbendorlius
1780 3926 1866 3978 edidit
1878 3930 1903 3978 in

301 3999 402 4046 lt'otitto
415 3996 536 4046 editionis
550 3995 644 4043 codicis
659 3993 809 4044 Btbttornm
821 3993 939 4043 stianitict
955 3994 1033 4056 (ιίρε.
1049 3993 1119 4053 teet)
1127 4005 1155 4055 ρ.
1170 3998 1225 4043 12³.
1244 3994 1312 4041 lianc
1319 4029 1328 4055 ,
1337 4006 1412 4055 qnam
1422 3992 1494 4043 litera
1504 3996 1528 4044 B
1541 3992 1699 4054 indicabo,ln
1713 3997 1835 4048 contextu
1848 4012 1905 4050 νει·

301 4065 390 4116 borum
409 4064 522 4122 exbibui3
543 4063 666 4126 quomodo
679 4061 710 4112 ab
725 4062 803 4113 altera
821 4060 864 4125 (A)
874 4061 988 4125 dillerat,
1003 4061 1193 4112 inannotatlone
1207 4063 1319 4112 monebo.

331 4138 359 4183 ln
369 4133 468 4183 titulat
481 4146 529 4183 non
540 4132 614 4183 babet
623 4131 697 4182 verba
716 4135 756 4182 καὶ
770 4134 801 4182 τὰ
812 4133 836 4182 ίν
852 4132 916 4194 αύτῷ
930 4131 1082 4196 ἱστορούμενα
1097 4131 1150 4180 κατ’
1164 4133 1287 4194 ίπιτομήν.
1299 4131 1312 4194 ΙΙ
1324 4131 1505 4196 -Μιγιμὲτιι]
1524 4133 1694 4184 Nominativns
1716 4135 1740 4184 in
1754 4134 1847 4188 codice
1867 4143 1906 4189 eat

301 4203 375 4254 modo
386 4207 522 4266 Μεχιμίτης
533 4202 606 4252 modo
625 4204 763 4266 Μεχέμοτις.
775 4202 846 4266 Apud
862 4202 996 4252 Leonicnm
1008 4200 1156 4263 Glnacondyl.
1172 4204 1210 4252 est
1221 4204 1361 4266 Μιχμίιης,
1372 4216 1411 4266 ap.
1427 4205 1521 4253 Ducam
1533 4205 1649 4266 Μεχεμέτ.
1663 4206 1690 4253 ln
1709 4205 1828 4259 libertini
1843 4211 1907 4259 Pus-

301 4274 352 4323 enll
363 4273 471 4323 carmine
481 4273 512 4323 de
522 4277 592 4337 copta
603 4273 752 4323 Constantin.
763 4273 815 4336 (ed.
830 4277 858 4323 λ.
869 4272 972 4322 Elisson
985 4272 1010 4322 in
1021 4272 1163 4324 Analecten
1175 4272 1224 4323 der
1234 4271 1358 4322 mittet-u.
1372 4272 1521 4336 occentent.
1532 4276 1673 4324 Liternter.
1684 4273 1734 4324 vol.
1748 4277 1799 4339 111)
1814 4278 1908 4343 legitur

301 4344 483 4397 Macbnoetttts.
496 4346 523 4394 ln
533 4344 650 4406 Anonymi
659 4343 756 4394 Threno
766 4344 798 4395 de
811 4347 882 4407 capta
893 4344 1020 4394 constant.
1031 4342 1079 4406 (ed.
1090 4341 1191 4394 Ellissen
1205 4343 1222 4393 l.
1235 4341 1440 4407 1.)Μαχονυίτηε.
1456 4348 1483 4394 tn
1498 4345 1591 4408 scripto
1607 4344 1701 4394 sullani
1710 4348 1781 4407 qnod
1791 4351 1906 4413 perfines

300 4416 333 4467 ad
340 4415 489 4465 deditionem
499 4413 590 4464 Galate
600 4420 648 4478 (ap.
660 4417 785 4475 flammei,
797 4413 885 4464 doech.
900 4414 945 4464 des
957 4427 1059 4465 οεοιαιε.
1078 4413 1270 4477 beelmeon.
1284 4416 1304 4474 l,
1324 4426 1348 4477 p.
1366 4415 1423 4476 bii)
1438 4414 1473 4463 ita
1486 4414 1562 4464 babes
1574 4436 1580 4464 ι
1593 4414 1655 4476 Ἐγὼ
1669 4416 1683 4464 θ
1695 4419 1769 4478 nim
1790 4421 1908 4480 αὐθέντης

300 4487 341 4536 καί
361 4487 433 4548 μίγας
451 4485 539 4547 ἀμυρᾶς
559 4486 684 4540 σουλτᾶνος
700 4484 850 4547 δΜιχμλτ
863 4485 938 4546 μείης
949 4485 963 4533 θ
973 4485 1023 4541 υίδς
1041 4489 1084 4534 τοῦ
1101 4483 1204 4547 μεγάλω
1221 4484 1331 4534 αύθίντου
1348 4485 1388 4533 καὶ
1400 4484 1503 4546 μεγάλου
1514 4484 1730 4548 ἀμνράσουλτάνου
1741 4492 1788 4537 τοῦ
1804 4492 1908 4553 Moenia

300 4557 376 4619 μπίη.
391 4556 518 4617 ’ομνύω...
530 4556 562 4612 είς
571 4555 611 4605 τδν
623 4556 695 4616 μέγαν
709 4556 828 4617 προφήτην
839 4555 881 4605 τδν
892 4555 1026 4617 Μωάμεθ
1041 4556 1089 4605 etc.
1103 4556 1191 4604 Forma
1200 4553 1305 4603 nominis
1319 4553 1556 4617 Mehamed,quam
1565 4568 1610 4604 ncs
1621 4555 1696 4604 eiiam
1703 4554 1908 4620 imperatorum

300 4627 425 4677 vindicare
441 4625 556 4684 solemus,
574 4625 649 4675 Tusci
658 4638 704 4675 non
713 4624 873 4675 utnnturnisi
889 4624 921 4675 de
935 4624 1054 4689 propbeta
1067 4624 1202 4688 loquentes.
1215 4628 1245 4675 V.
1257 4630 1286 4674 Α.
1298 4626 1327 4673 b.
1340 4624 1508 4686 biordtmnnn,
1523 4625 1686 4689 Betoqeruno
1697 4639 1725 4675 υ.
1740 4629 1909 4697 Ενοδεηιιιρ

300 4697 528 4759 constantinensis
544 4698 601 4746 1858
615 4709 640 4758 p.
656 4698 707 4745 147.
722 4693 776 4759 11-
790 4695 944 4758 Κριτόθουλος
963 4696 1044 4751 δοῦλος
1056 4694 1158 4758 εὐτελής]
1170 4698 1212 4758 Κρ.
1227 4694 1360 4754 νησιώτης,
1374 4696 1455 4749 δοῦλος
1467 4699 1514 4742 τῶν
1529 4695 1617 4743 δούλων
1628 4699 1675 4741 τῶν
1687 4700 1744 4744 σῶν.
1756 4700 1790 4747 A.

330 4769 380 4831 §b
393 4765 551 4830 αὐτοκράτωρ]
567 4766 607 4815 Sic
625 4767 654 4816 h.
670 4766 688 4815 l.
699 4764 753 4828 εἰς
771 4769 786 4816 4
807 4778 851 4829 pro
877 4765 1020 4830 αὐτόκρατορ
1033 4777 1064 4814 ex
1075 4777 1144 4814 more
1160 4764 1207 4814 tevi
1226 4763 1354 4826 sequioris.
1370 4763 1422 4827 11-
1434 4765 1527 4831 ἀνδρείῳ
1540 4766 1580 4814 καὶ
1597 4764 1715 4828 φρονήσει]
1734 4771 1855 4830 φρονήσει
1867 4775 1908 4821 ναὶ

300 4838 393 4905 ἀνδρεία
408 4842 441 4888 Α.
457 4838 467 4901 ΙΙ
478 4864 509 4874 --
521 4838 544 4893 ta
556 4836 640 4899 ἀίδιον]
653 4838 685 4892 είς
698 4836 722 4884 ἀ.
736 4837 757 4884 B
769 4837 795 4885 et
805 4834 917 4884 simililer
927 4834 953 4884 in
964 4847 1018 4897 sqq.
1031 4834 1042 4896 ΙΙ
1056 4861 1087 4876 -
1096 4837 1196 4884 πλείστα
1208 4834 1260 4897 καὶ]
1278 4834 1367 4884 desunt
1379 4834 1403 4883 in
1413 4838 1442 4884 Α,
1459 4834 1470 4898 ΙΙ
1485 4859 1514 4872 -
1524 4834 1700 4899 ίπικνδίστερα]
1714 4835 1751 4885 sic
1767 4842 1803 4899 A3
1818 4842 1907 4901 δειιη.

210 4890 215 4899 ’
270 4936 272 4939 -
299 4909 396 4972 ειπερ,
419 4911 442 4958 n
463 4921 512 4959 stc.
524 4907 583 4957 edit.
595 4906 678 4957 sisci.
691 4905 702 4970 γ
721 4932 751 4943 -
763 4903 865 4969 πρίτος]
881 4905 965 4969 spaza
980 4910 1007 4956 ι.
1025 4905 1036 4967 γ
1052 4933 1079 4942 -
1093 4904 1285 4968 noeoeane]
1303 4906 1396 4969 καίτοι.
1415 4907 1470 4956 εει.
1486 4905 1497 4968 γ
1515 4931 1547 4942 -
1563 4905 1678 4969 σιτηγά]
1697 4909 1811 4972 συνῆψε,
1823 4913 1906 4973 ηυγ

300 5001 332 5014 —·
341 4979 477 5041 βασιλεὺς...
490 4977 600 5041 κρατερός
609 4994 634 5026 τε
646 4974 762 5040 μαχητής]
775 4975 839 5026 sicut
851 4979 1014 5038 Agamemnon
1026 4988 1064 5039 ap.
1080 4978 1181 5027 Homer.
1197 4975 1224 5026 ll.
1238 4979 1261 5035 3,
1279 4978 1322 5026 tis
1336 4996 1343 5025 :
1357 4975 1464 5037 βασιλεύς
1474 4977 1496 5025 τ’
1508 4976 1592 5036 ἀγαθδς
1608 4976 1717 5039 κρατερός
1730 4975 1751 5025 τ’
1763 4982 1904 5045 αἰχμητής,

331 5049 347 5110 §
362 5056 385 5102 ν.
394 5049 519 5112 ξυγγραφῇ]
530 5064 601 5108 σνηγ,
614 5052 643 5097 Α.
653 5050 679 5097 et
690 5060 747 5096 mox
758 5046 856 5096 iterum.
869 5044 960 5094 Eadem
972 5046 1133 5096 inconstantia
1144 5060 1188 5110 per
1199 5049 1279 5096 totum
1287 5058 1349 5108 opus
1360 5045 1462 5097 obtinet.
1475 5045 1572 5108 Ubique
1580 5047 1678 5109 reposui
1691 5045 1795 5100 liberam
1809 5054 1833 5109 ξ.

329 5116 348 5179 5
360 5122 384 5166 θ.
396 5125 444 5174 τοῖς
458 5118 546 5181 ἑφεξῆς]
554 5124 602 5174 τοῖς
617 5119 679 5177 ίξής,
692 5121 717 5166 et
728 5117 752 5165 in
763 5115 871 5179 margine
885 5116 934 5177 μεθ’
943 5118 1004 5175 ἡμᾶς
1017 5121 1046 5166 Α.
1061 5116 1111 5179 11-
1119 5118 1161 5174 τήν
1170 5115 1266 5166 ἐκείνων
1275 5115 1362 5179 φωνήν]
1371 5122 1412 5174 τῆς
1422 5116 1462 5167 ln.
1474 5121 1550 5180 φωνῆς
1559 5117 1590 5175 Β,
1600 5129 1647 5168 em.
1658 5116 1845 5186 Tischendors3
1855 5130 1910 5182 τοῖς

300 5188 343 5245 τήν
352 5186 448 5236 ἐκείνων
460 5189 568 5237 ίπαίουσι
582 5190 686 5248 γλῶτταν
706 5192 736 5236 Α.
749 5186 761 5249 ΙΙ
771 5213 803 5223 -
816 5184 974 5249 Ιλρεταννικάς]
986 5187 1131 5255 -Βρπανικάς
1152 5186 1213 5236 ΑΒ.
1229 5187 1344 5237 Gelertm
1355 5185 1387 5235 ci.
1404 5185 1524 5236 Lnenlcus
1538 5184 1747 5250 Chalcowbdyltts
1754 5202 1783 5252 p.
1796 5196 1825 5254 4,
1849 5200 1878 5246 12
1901 5214 1909 5246 =

301 5258 367 5315 strat
378 5257 488 5315 ἀκεῖνόγε
499 5258 688 5321 πάυνίκφαύλως
705 5260 760 5322 ἔχον
776 5262 841 5320 ἡμῖν,
859 5260 891 5309 ὣς
902 5258 1024 5320 ‘minnan
1034 5264 1098 5322 φωνῇ
1107 5261 1181 5308 ταῦτα
1194 5258 1303 5320 διέξιμεν,
1319 5258 1397 5316 insin
1413 5274 1441 5319 γε
1451 5262 1499 5307 τῶν
1510 5257 1627 5317 Ἐλλήνων
1641 5259 1705 5321 φωνή
1721 5261 1839 5326 πολλαγῇ
1862 5267 1910 5316 ἆρὰ

301 5329 343 5386 τῆν
356 5327 492 5389 οίκουμίνην
505 5328 632 5393 διίσταρτα
654 5329 694 5376 καὶ
710 5332 804 5391 cofinos:
818 5327 1026 5390 ίνκαταμίυικται.
