3906 6034
310 417 350 477 66
736 414 935 480 CRITOBULI
957 418 1220 486 HISTORIARUM
1241 425 1314 485 LlB.
1338 426 1363 501 Ι,
1389 428 1492 490 tour.

311 550 347 628 [ι]
362 545 414 607 Διά
433 548 555 606 τοῦτοού
573 547 620 606 δεῖΙ
632 546 735 623 μέλλειν
749 552 820 624 ἡμᾶς
838 549 892 626 ἔτι,
913 551 972 611 οὐδέ
994 552 1084 632 καιρόν

310 634 420 715 ἔχοντας
433 632 604 707 ἀναδύεσθαι,
619 636 678 693 ἀλλ’
700 637 861 695 ἐπιτίθεσθαι
874 637 959 719 ταύτῃ
980 640 1082 707 πάντας

309 725 383 803 πάσῃ
395 722 440 781 καί
453 723 522 802 χειρὶ
540 721 590 780 καὶ
604 722 712 799 δυνάμει
730 726 777 783 καὶ
789 725 907 802 μάλιστα
923 724 972 792 ἕως
983 724 1016 785 ἀν
1036 726 1083 785 καί

308 811 342 872 τδι
359 818 405 871 τοῦ
422 811 558 887 δαιμονίου
579 811 637 886 μεθ’
650 815 727 887 ἡμῶν
737 803 765 892 ᾗ,
787 814 897 888 μηδενός
919 816 1083 895 φειδομένους

308 903 361 960 τῶν
374 902 400 966 ἐς
413 898 457 958 τόν
473 900 605 975 πόλεμον,
622 901 688 975 μήτε
702 899 834 978 σωμάτων
849 902 918 976 μήτε
934 903 1081 982 χρημάτων

309 991 375 1066 μήτε
396 987 485 1048 ὅπλων
509 988 576 1065 μήτε
599 988 680 1048 ἄλλου
693 1012 739 1047 του
754 992 808 1047 τῶν
821 989 944 1049 τοιούτων
961 991 1077 1061 οὐδενός,

308 1080 372 1152 μηδ’
387 1078 453 1136 άλλο
466 1099 492 1134 τι
505 1075 635 1155 προύργου
645 1081 697 1135 τῶν
713 1076 837 1135 ἁπάντων
855 1078 968 1155 τιθέναι,
985 1078 1035 1145 έοις
1048 1078 1081 1138 ἀν

307 1163 325 1236 ἢ
344 1165 432 1238 πάντη
449 1164 544 1236 ταύτην
559 1163 687 1231 ἐξελόντες
706 1165 736 1222 ἐκ
750 1163 831 1239 μέσου
852 1164 973 1241 θείημεν,
993 1165 1010 1237 ἢ
1030 1166 1080 1224 ὑπὸ

305 1262 383 1334 χεῖρα
390 1258 462 1333 σφῶν
474 1252 660 1330 ποιησαίμεθα.
705 1251 736 1329 (a)
744 1253 892 1327 Νομίσειτε
904 1256 994 1329 μηδείς
1003 1259 1077 1331 ὐμῶν

307 1342 422 1401 ἀδύνατα
434 1332 501 1399 εἶναι
514 1340 613 1413 ταύτην
626 1341 707 1411 ἑλεῖν,
724 1340 890 1418 λογιζόμενος
905 1340 935 1399 τό
949 1348 995 1400 τοῦ
1010 1347 1077 1418 ἡμι-

304 1431 379 1509 τέρου
392 1429 502 1488 πάππου
521 1451 551 1487 τε
574 1429 620 1488 καί
633 1427 747 1509 πατρός,
764 1429 810 1488 καὶ
832 1433 867 1495 ὡς
884 1422 956 1489 οὗτοι
979 1432 1077 1505 ταύτην

305 1519 411 1598 σχόντες
436 1516 484 1589 τλν
505 1515 614 1595 γνώμην
638 1516 711 1584 εὐθὺς
733 1517 762 1585 ἐξ
787 1519 871 1597 ἀρχῆς
894 1517 940 1577 καί
960 1520 1077 1598 πόλεμον

304 1608 432 1665 ἄσπονδον
455 1605 581 1684 ἀράμενοι
600 1612 664 1684 πρός
679 1604 777 1675 αὐτήν,
800 1605 871 1684 χειρί
885 1630 913 1664 τε
925 1609 1014 1684 πολλιῗΙ
1029 1608 1075 1666 καὶ

305 1694 413 1772 δυνάμει
426 1692 595 1772 περισχόντες
605 1692 651 1751 καί
661 1694 756 1765 ὅπλοις,
773 1694 812 1752 ἔτι
826 1718 853 1752 τε
864 1695 963 1774 χρονίῳ
975 1698 1078 1775 πολιορ·

303 1785 349 1864 κίσρ
361 1781 406 1841 καί
420 1783 494 1862 λιμῶ
512 1782 603 1861 πολλῷ
621 1791 710 1840 πᾶσαν
726 1782 908 1862 ἑκταιρυχότες
922 1787 966 1842 οὐκ
980 1784 1077 1856 ἠδυνή-

304 1867 765 1950 θησανίίμιοςταύτηςτιεριγενέσθαι.
810 1871 1075 1950 (ολΕίμένγάραύτη

303 1958 361 2020 τότε
369 1958 423 2040 ute
440 1957 517 2037 ῥώμη
531 1957 615 2015 τεκαὶ
637 1957 745 2035 δυνάμει
756 1960 881 2040 ἀντέσχε,
893 1959 938 2019 καὶ
952 1960 1077 2039 κρείττων

305 2045 387 2129 ἐφάνη
399 2050 451 2105 τῶν
462 2044 716 2122 ἀντιπολεμούντων,
727 2047 773 2105 ἅτε
780 2046 887 2123 σώμασι
898 2050 943 2106 καί
956 2051 1078 2129 χρήμασι

302 2135 348 2194 καί
362 2133 450 2201 όπλοις
462 2133 507 2192 καῖ
521 2141 573 2201 τοῖς
587 2132 676 2203 ἀλλοις
684 2144 765 2194 πᾶσιν
777 2136 963 2216 ήσφαλισμένη
975 2139 1074 2210 καλῶς,

305 2219 323 2296 ἥ
336 2214 406 2282 οὐτοι
419 2230 476 2289 ταῖς
492 2221 599 2289 οἰκείαις
609 2221 736 2299 δυνάμεσι
749 2223 795 2281 καί
806 2233 987 2303 παρασκευαῖς
1001 2226 1077 2287 ἐλάτ-

302 2334 362 2378 τους
379 2309 450 2377 όντες
473 2308 636 2388 ὑστέρησαν,
660 2312 785 2387 μηδαμοῦ
805 2310 954 2383 δυνηθέντες
977 2314 1076 2385 ταύτην

302 2401 387 2471 ἑλεῖν,
407 2388 477 2476 εἶχεν
492 2394 522 2455 ἀν
536 2397 612 2475 λόγον
634 2397 664 2455 τὸ
679 2398 734 2464 δέος
751 2398 796 2463 καὶ
816 2388 889 2464 οὐτος
906 2403 921 2457 θ
941 2401 1078 2479 λογισμός·

302 2488 349 2567 (ιο)
367 2490 413 2544 νῶν
429 2484 456 2543 δέ
470 2486 509 2551 τίς
523 2489 570 2545 οὐκ
584 2476 652 2545 οἶδεν
667 2489 703 2552 ὡς
715 2489 768 2544 τῶν
784 2485 832 2562 μέν
854 2492 899 2545 τού
919 2488 1075 2559 Παῖαζήτου

300 2577 395 2655 χειρῶν
415 2572 484 2653 τύχη
504 2573 544 2639 τίς
562 2578 641 2631 ποθεν
668 2573 802 2644 ἀδοκήτως
827 2576 982 2654 ἐπιφανεῖσα
1003 2576 1076 2655 παρά

299 2660 376 2740 λόγον
396 2660 561 2741 ἐξήρπασεν,
583 2664 662 2718 δποῖα
684 2660 770 2718 πολλὰ
785 2660 913 2727 πολλάκις
933 2660 1007 2742 παρά
1029 2669 1074 2721 τού

300 2748 434 2825 δαιμονίου
448 2751 501 2815 τοῖς
516 2746 661 2828 ἀνθρώποις
674 2746 825 2822 ξυμόαίνει·
844 2747 1009 2827 ξυγκείμενον
1022 2749 1074 2831 γάρ

301 2841 389 2905 αὐτοῖς
403 2836 447 2897 ἐπὶ
459 2839 551 2916 ῥηταῖς
565 2835 676 2913 ἡμέραις
691 2833 819 2895 ἐνδιδόναι
830 2834 889 2902 τούς
903 2836 1012 2904 πολίτας
1023 2837 1072 2910 τήν

297 2950 326 2986 τε
338 2928 415 2986 πόλιν
431 2925 478 2983 καί
491 2923 613 2996 ἑαυτοὺς,
633 2922 678 2982 άτε
691 2921 771 2983 πλέον
786 2923 823 3000 μὴ
846 2924 1005 3001 δυναμένους
1027 2930 1075 2985 ἀν-

297 3014 383 3096 τέχειν
397 3016 470 3092 λιμῷ
483 3036 512 3072 τε
529 3011 576 3070 καὶ
595 3010 733 3093 πολιορκία
749 3021 852 3094 μακρᾷ,
874 3012 967 3093 αίρνης
981 3016 1074 3094 ἐπιφα·

297 3103 382 3170 νέντες
397 3106 427 3163 ἐκ
439 3101 486 3179 μέν
504 3099 634 3180 Εὐρώπης
646 3100 767 3160 Παιόνων
783 3101 828 3158 καί
841 3105 936 3161 Δακῶν
950 3100 1074 3178 βασιλεὺς

296 3192 439 3270 πρότερον,
461 3188 534 3247 ἐκδὲ
554 3187 639 3253 Ἀσίας
662 3186 754 3266 μικρὸν
774 3186 881 3267 ὕστερον
902 3187 1038 3266 Τεμήρτις
1058 3194 1072 3248 θ

297 3276 465 3342 Βαθυλώνιος
485 3275 632 3345 ἀνέστησάν
647 3298 677 3332 τε
696 3276 773 3332 αὐτόν
788 3278 834 3347 τῆς
849 3274 1013 3353 πολιορκίας,
1027 3277 1072 3334 καὶ

296 3361 439 3442 τρίψαντες
463 3365 488 3428 ἐς
510 3362 621 3437 αὐτούς,
641 3361 711 3420 οὐτω
734 3360 827 3434 ξυνίόη
851 3362 950 3435 ταύτην
970 3387 1073 3442 περιγε·

296 3449 387 3510 νέοθαι
401 3450 551 3530 ἀνελπίστῳ
561 3451 627 3530 τύχη
647 3453 845 3530 περισωθεῖσαν.
889 3450 935 3531 (ιι)
946 3451 981 3512 ‘0
996 3451 1024 3511 δέ
1041 3478 1072 3530 γε

297 3538 387 3619 πατὴρ
401 3541 416 3596 θ
428 3537 507 3616 ἐμός,
523 3538 579 3597 ίστε
594 3542 651 3615 μεθ’
671 3536 727 3604 σίας
743 3541 913 3620 παρασκευῆς
934 3539 979 3598 καί
994 3542 1072 3601 δυνά·

297 3648 366 3701 μεως
391 3626 562 3705 ἐστράτευσεν
584 3629 625 3686 ἐπ’
647 3627 745 3697 αὐτὴν,
769 3628 814 3686 καί
835 3631 871 3696 ώς
891 3634 1015 3689 τοσοῦτον
1038 3634 1072 3709 τῇ

296 3715 433 3793 πολιορκία
448 3714 545 3787 ταύτης
559 3714 719 3793 ἐκράτησεν,
733 3717 769 3781 ὡς
786 3713 848 3790 μηδ’
863 3715 926 3775 αὐτὸ
940 3715 970 3773 τὸ
984 3720 1071 3796 τεῖχος

298 3800 369 3882 ἔχειν
381 3811 460 3861 ἐᾶσαι
471 3802 530 3870 τούς
543 3801 760 3883 προμαχομένους
775 3803 924 3883 ἐλεύθερον,
941 3804 1071 3883 βαλλομέ-

294 3912 351 3956 νους
365 3894 417 3958 τοῖς
430 3913 458 3949 τε
472 3890 553 3958 τόξοις
564 3891 610 3949 καὶ
624 3899 676 3956 τοῖς
688 3890 741 3948 ἀτδ
753 3894 805 3949 τῶν
828 3897 957 3970 μηχανῶν
972 3892 1068 3960 λίθοις·

294 3977 375 4045 οὔτως
385 3970 455 4059 εἶχεν
471 3978 553 4052 αὐτήν
569 3982 596 4038 ἐν
605 3983 708 4059 χεροῖν·
720 3979 769 4039 κάν
785 3970 836 4039 εἷλε
851 3983 897 4063 βίφ
912 3990 965 4047 τοῖς
978 3981 1069 4048 δπλοις

295 4067 460 4144 μαχόμενος,
476 4069 499 4125 εί
516 4066 553 4144 μή
570 4067 631 4135 τοὺς
651 4068 750 4146 σφόδρα
770 4069 877 4134 οἰκείους
894 4068 940 4127 καί
956 4061 994 4136 οἷς
1012 4070 1066 4145 μά·

293 4156 371 4212 λιστα
383 4155 532 4226 ἐπίστευεν,
545 4155 766 4230 ἀντιπράττοντας
780 4159 885 4236 ἀφανῶς
902 4147 973 4236 ε’ίχεν
992 4160 1064 4238 αὐτῷ

1141 554 1188 614 καί
1200 556 1232 615 τό
1250 554 1329 616 πλέον
1351 561 1399 629 τῆς
1414 554 1522 636 γνώμης
1541 555 1667 634 νέμοντας
1689 571 1743 629 τοῖς
1762 566 1894 645 πολιορκου·

1141 644 1226 719 μένοις
1239 644 1311 704 tato
1334 643 1411 704 ἐνεκα
1427 646 1541 724 κερδῶν·
1557 638 1627 706 οὗτοι
1648 648 1736 708 τοίνυν
1752 656 1795 722 τῆς
1813 676 1839 710 τε
1855 677 1895 714 πσ-

1140 731 1257 813 λιορκίας
1270 732 1349 791 αὐτόν
1361 732 1509 803 ἀνέστησαν
1527 735 1574 794 καί
1591 736 1693 809 ταύτην
1706 740 1892 817 περιεσώσσντο.

1140 821 1188 899 (ιε)
1205 823 1238 880 Ei
1252 821 1279 879 δέ
1294 821 1341 879 καὶ
1356 821 1410 900 tito
1423 822 1533 899 δυνάμει
1548 823 1607 882 τότε
1619 825 1799 904 περιγενέσθαι
1811 827 1894 901 ταύτην

1139 905 1230 979 ξυνέόη
1247 906 1347 986 (θῶμεν
1359 907 1411 989 γάρ
1427 909 1474 969 καὶ
1487 910 1599 992 τοῦτο),
1619 912 1721 972 ἀλλὀὐ
1733 915 1767 974 τά
1779 917 1839 976 αὐτά
1850 925 1892 978 τῶν

1137 996 1197 1056 τότε
1211 998 1256 1055 καί
1270 994 1315 1055 νῶν
1326 1001 1424 1078 καιρῶν
1434 997 1519 1079 ταύτῃ
1532 1024 1560 1058 τε
1573 1001 1619 1059 καὶ
1630 1006 1712 1078 ἡμῖν·
1727 1004 1785 1062 τότε
1799 1004 1841 1082 μέν
1850 1008 1892 1086 γάρ

1137 1083 1205 1156 αὕτη
1219 1085 1401 1164 ξυνετωτέροις
1414 1110 1442 1146 τε
1454 1088 1500 1145 καί
1519 1092 1787 1172 στρατηγικωτέροις,
1800 1098 1893 1173 προσέτι

1136 1172 1164 1232 δέ
1187 1175 1305 1233 καὶτῶν
1326 1177 1491 1255 πραγμάτων
1515 1178 1709 1259 ἐμπειροτέρως
1729 1181 1846 1260 ἐκέχρητο
1863 1207 1890 1264 αρν

1135 1284 1163 1319 τε
1181 1264 1284 1340 βασιλεῖ
1298 1263 1344 1322 καὶ
1360 1272 1414 1330 τοῖς
1429 1264 1569 1345 ἄρχουσιν,
1590 1267 1728 1348 οὐκήτορσί
1747 1291 1775 1326 τε
1788 1271 1888 1331 πλείοσιν

1134 1350 1300 1431 ἐφρουρεῖτο,
1321 1354 1369 1420 τῆς
1384 1375 1414 1410 τε
1427 1353 1561 1424 θαλάσσης
1582 1356 1612 1413 ἐκ
1631 1355 1726 1433 μέρους
1746 1356 1842 1435 ἐκράτει
1854 1361 1890 1430 τῆς

1133 1442 1193 1497 κατ’
1207 1439 1307 1512 αὐτήν,
1322 1442 1356 1499 τά
1369 1463 1397 1498 τε
1414 1441 1487 1520 παρδι
1499 1446 1551 1501 τῶν
1563 1441 1688 1517 Ἰταλῶν,
1702 1444 1843 1525 ἐπικουρίας
1853 1450 1890 1516 τῆς

1134 1525 1182 1602 μέν
1200 1528 1340 1607 ἐτύγχανεν
1356 1528 1425 1601 ήδη,
1443 1534 1491 1600 τῆς
1502 1531 1530 1589 δέ
1543 1533 1569 1588 ἐν
1587 1532 1691 1592 ἐλπίσιν
1713 1527 1761 1607 ἦν,
1778 1535 1818 1593 καί
1835 1534 1889 1593 ἀλλα

1134 1613 1161 1673 δέ
1175 1614 1261 1675 πολλίι
1276 1607 1332 1697 εἶχε
1348 1617 1381 1675 τὰ
1396 1621 1554 1696 βοηθοῦντα·
1599 1621 1648 1702 (ιε)
1667 1621 1700 1680 τά
1717 1622 1744 1681 δὲ
1758 1623 1788 1692 δθ,
1804 1627 1844 1681 νόν
1861 1626 1888 1681 έ-

1134 1703 1289 1785 σθενέστερά
1302 1728 1331 1763 τε
1344 1706 1411 1784 αὐτῇ
1425 1707 1471 1765 καί
1485 1708 1539 1774 τοῖς
1555 1705 1627 1776 ὅλοις
1640 1709 1736 1788 χείρω·
1751 1714 1800 1770 τῶν
1812 1734 1837 1769 τε
1847 1711 1889 1788 γλο

1132 1784 1275 1861 οἰκητόρων
1289 1786 1412 1844 πλεῖστον
1434 1786 1593 1865 κεκένωται,
1609 1793 1657 1860 τῆς
1675 1813 1704 1848 τε
1718 1792 1841 1862 θαλάσσης
1856 1812 1890 1846 τι-

1133 1871 1209 1936 λείως
1223 1871 1374 1949 ἐστέρηται,
1385 1872 1403 1932 ό
1412 1896 1440 1931 τε
1451 1873 1574 1953 βασιλεὺς
1584 1880 1656 1953 αὐτῇ
1667 1877 1712 1935 καί
1725 1880 1748 1936 oi
1759 1877 1816 1955 περί
1825 1879 1888 1935 αὐτόν

1132 1950 1244 2009 τοιοῦτοί
1255 1954 1319 2010 εἰσιν
1330 1950 1400 2019 οἵους
1412 1953 1444 2011 άν
1456 1976 1494 2019 τις
1508 1953 1613 2021 εὔξαιτο
1624 1957 1812 2033 ἀνταγωνιστάς
1821 1959 1889 2034 σχεῖν,

1132 2036 1167 2095 τό
1182 2038 1210 2096 δὲ
1223 2039 1298 2116 παρά
1315 2042 1368 2097 τῶν
1386 2041 1495 2100 Ἰταλῶν
1511 2042 1558 2101 καί
1572 2043 1676 2123 σφόδρα
1689 2044 1745 2103 οὐδ’
1757 2046 1781 2103 ἐν
1800 2042 1885 2103 ἐλπίσιν

1134 2128 1235 2201 αὐτοῖς,
1251 2128 1350 2204 μᾶλλον
1365 2128 1413 2205 μέν
1432 2120 1477 2189 οὐν
1491 2129 1536 2189 καί
1556 2132 1647 2203 πάντη
1661 2132 1753 2212 ἐχθρά,
1767 2132 1888 2191 ἐκπεπολι·

1133 2213 1262 2289 μωμένων
1280 2219 1314 2294 τῇ
1332 2217 1392 2294 περὶ
1409 2217 1439 2277 τὸ
1456 2222 1523 2276 θεῖον
1543 2218 1628 2298 δόξῃ,
1646 2222 1680 2278 τά
1698 2243 1727 2278 τε
1748 2219 1814 2277 ένδον
1834 2217 1885 2291 αὐτη

1132 2303 1248 2369 στάσεως
1261 2301 1337 2380 γέμει
1346 2304 1392 2363 καὶ
1403 2310 1522 2386 ταραχῆς
1534 2306 1579 2379 διδ
1592 2307 1694 2379 ταύτην
1709 2331 1737 2386 γε
1747 2306 1791 2377 πλε
1805 2305 1885 2362 αἰτίαν·

1133 2391 1177 2450 καὶ
1187 2389 1274 2449 πολλά
1284 2391 1315 2449 ἀν
1325 2415 1365 2458 τις
1377 2391 1446 2473 εὐροι
1455 2393 1636 2468 ἐλαττώματα
1648 2395 1715 2453 άλλα
1720 2394 1818 2452 σκοπῶν
1828 2391 1887 2470 ἀκρι·

1133 2479 1195 2544 θῶς.
1238 2478 1284 2559 (ιι)
1299 2478 1381 2555 Ἡμῖν
1397 2480 1425 2538 δέ
1437 2482 1482 2538 καὶ
1493 2481 1527 2539 τά
1538 2487 1586 2553 τῆς
1601 2487 1684 2562 ἀρχῆς
1698 2483 1739 2541 ἐπὶ
1750 2479 1811 2558 μέγα
1821 2470 1885 2556 ἦρται

1132 2570 1236 2628 πολλῶν
1262 2568 1391 2627 ἐπιδόσει·
1411 2570 1553 2648 κατάλογοί
1578 2596 1609 2631 τε
1627 2572 1678 2650 γὰρ
1704 2565 1883 2647 στρατευμάτων
1919 2580 1920 2647 γ

1131 2659 1238 2715 ἱππικοί
1259 2679 1288 2715 τε
1307 2656 1353 2716 καλ
1372 2657 1473 2726 πεζικοῖ
1497 2659 1683 2719 πλεῖστονκαὶ
1705 2657 1829 2716 κάλλιστοι
1845 2650 1878 2710 καί

1131 2745 1310 2816 εὐοπλότατοι,
1322 2744 1423 2820 μᾶλλον
1435 2743 1508 2825 εἴπερ
1516 2745 1580 2804 ποτέ
1594 2746 1638 2805 καῖ
1652 2745 1737 2815 νεότης
1745 2743 1878 2819 εὐανδροῦσα
1919 2754 1920 2801 ἶ

1130 2831 1228 2903 πολλή,
1248 2832 1294 2891 καὶ
1314 2836 1331 2904 ἡ
1354 2830 1473 2911 ἡμετέρα
1495 2832 1563 2902 αὐλή
1588 2840 1633 2893 νῦν
1653 2833 1769 2912 μέματον
1789 2828 1837 2907 ἔχει
1855 2825 1879 2883 τθ

1130 2921 1236 3001 κράτος,
1249 2920 1378 3001 χρήματά
1389 2944 1416 2978 τε
1431 2921 1494 2996 ἡμῖν
1505 2923 1621 2981 πλεῖστα
1635 2925 1661 2981 ἐν
1671 2945 1697 2980 τε
1711 2925 1835 2996 θησαυροῖς
1843 2918 1879 2971 ¹²³·
1919 2928 1920 2985 j

1129 3007 1215 3086 φόροις
1232 3008 1371 3085 ἐπετείοις,
1387 3008 1433 3066 καὶ
1443 3006 1531 3066 όπλων
1542 3011 1652 3090 εὐπορία
1663 3008 1743 3077 πολλὴ
1752 3005 1793 3065 καὶ
1805 3023 1879 3080 μηχί·
1919 3028 1920 3059 l

1128 3105 1180 3158 νῶν
1198 3100 1243 3158 καί
1265 3102 1441 3179 παρασκευῶν
1458 3102 1510 3157 τῶν
1526 3102 1551 3166 ἐς
1564 3100 1611 3159 τόν
1625 3100 1748 3177 πόλεμον,
1763 3094 1804 3154 καὶ
1815 3090 1879 3171 τριό·

1130 3212 1182 3266 ρεις
1195 3190 1242 3248 οὐκ
1253 3188 1339 3266 ὀλίγαι
1353 3186 1398 3246 καί
1414 3187 1482 3247 ἄλλα
1502 3188 1591 3247 πο).λά
1610 3190 1752 3268 ἐπεγένετο,
1768 3183 1783 3240 θ
1802 3179 1877 3239 πάθω

1128 3277 1157 3334 οὐ
1177 3275 1241 3355 πρὸς
1263 3275 1327 3350 μίαν
1348 3274 1445 3348 ταύτην
1461 3275 1554 3349 πόλιν,
1575 3277 1646 3336 ἀλλά
1665 3277 1764 3336 πολλαῖς
1783 3265 1879 3325 πόλεσίν
1919 3320 1920 3323 =

1129 3363 1293 3443 ἀντιρρόποις
1316 3366 1383 3441 αὐτῇ
1398 3363 1554 3443 μερισθέντα
1575 3365 1685 3445 ἤρκεσεν
1702 3359 1731 3418 ἀν
1747 3360 1879 3430 καταγωιθ·
1919 3430 1920 3433 ¹

1129 3458 1225 3510 σασθαι
1243 3452 1339 3520 πάσας.
1385 3452 1433 3533 (ιι)
1445 3448 1508 3511 Ἔτι
1516 3474 1545 3510 τε
1556 3457 1605 3522 τῆς
1619 3451 1753 3526 καθ’ἦμθι
1762 3441 1878 3512 otum
1919 3524 1920 3527 ¹

1128 3546 1276 3619 κρατοῦμεν
1290 3540 1335 3598 καί
1349 3545 1395 3610 τῆς
1406 3539 1465 3598 κατ’
1481 3540 1562 3611 αὐτὴν
1578 3541 1698 3612 ἁπάσης,
1712 3536 1753 3596 καί
1766 3527 1877 3612 opoupt'ott

1126 3627 1207 3697 αὐτὴν
1223 3628 1276 3684 ἀνω
1288 3628 1333 3686 καὶ
1351 3629 1424 3688 κάτω
1437 3626 1642 3708 ἠσφαλισάμεθα
1657 3626 1698 3687 at
1710 3626 1758 3682 τῶν
1769 3616 1876 3720 πορίμῶῖ

1125 3719 1178 3774 τῶν
1188 3739 1217 3774 τε
1230 3714 1345 3795 ἠπείροιν
1362 3717 1528 3796 ἀμφοτέρων,
1544 3716 1671 3795 εἴργοντες
1685 3711 1760 3783 αὐτὴν
1777 3712 1819 3787 γῆς
1837 3724 1875 3763 1⁸¹

1127 3803 1261 3876 θαλάσσης
1279 3804 1399 3876 ἁπάσης·
1412 3803 1481 3863 ἀλλα
1497 3826 1524 3862 τε
1537 3807 1676 3883 πρόσεστιν
1688 3805 1748 3878 ἡμῖν
1759 3799 1802 3855 οὐκ
1809 3791 1874 3897 θλίγθ

1128 3892 1363 3970 πλεονεκτήματα,
1383 3883 1420 3960 οῖς
1440 3902 1505 3951 πᾶσι
1517 3898 1607 3971 θαρρῶ
1625 3893 1670 3952 καὶ
1689 3889 1753 3947 πάνυ
1773 3901 1873 3943 πιστιυο)

1124 3981 1172 4037 οὐκ
1186 3980 1354 4058 ἀντισχήσειν
1366 3978 1432 4047 tto<
1448 3979 1545 4051 αὐτήν,
1557 3980 1643 4051 ἀλλ’ἢ
1659 3977 1684 4047 ἐξ
1697 3974 1825 4053 tattoni<
1837 3964 1874 4071 βέθ

1126 4072 1198 4142 ἡμᾶς
1218 4073 1272 4136 τοῖς
1290 4068 1381 4137 ὅπλοις
1403 4071 1470 4127 ἑλεῖν
1483 4067 1534 4142 ἀν,
1557 4068 1574 4139 ἢ
1598 4072 1626 4128 οὐ
1647 4073 1734 4145 μακρᾷ
1754 4060 1873 4133 antiopae

1124 4156 1255 4236 αἱρήσειν.
1299 4158 1344 4235 (ιο)
1361 4155 1448 4217 Μόνον
1467 4156 1504 4234 μὴ
1521 4156 1673 4235 μέλλωμεν,
1689 4149 1752 4231 μηδέ
1774 4145 1870 4217 διδῶίιιν

882 4278 1872 4314 -———-———-—-=--¹-‘

291 4374 383 4434 ἧσσαν,
394 4374 415 4421 εἰ
427 4374 467 4421 καὶ
480 4372 553 4422 δεινόν
567 4391 602 4437 τιρ
613 4374 727 4435 ἀκοῦσαι,
737 4375 799 4424 ίστω
814 4375 858 4424 οὐκ
870 4376 926 4424 ἀλλο
937 4394 959 4424 τι
972 4377 1086 4439 φέρουσαν
1099 4378 1114 4435 ἡ
1127 4375 1232 4438 ἀντικρυς
1244 4376 1362 4425 δουλείαν·
1378 4377 1444 4425 ὃκαὶ
1455 4378 1519 4439 λόγῳ
1538 4378 1696 4433 ἐνδοιασθῆναι
1709 4364 1808 4449 ninnet-
1822 4359 1831 4421 ίί
1846 4380 1872 4392 ”

291 4446 307 4509 §
324 4450 360 4495 to.
384 4443 534 4507 ΙΙαιαζητου]
555 4447 678 4507 Παγιαζητ
697 4458 737 4507 ap.
761 4447 855 4494 Ducam
874 4459 960 4496 nomen
975 4446 1101 4496 scribitur.
1119 4447 1129 4509 ΙΙ
1146 4475 1177 4483 -
1194 4448 1324 4511 ἐνδιδόναι]
1339 4447 1379 4495 sie
1393 4461 1426 4496 ιιι.
1443 4454 1466 4505 2,
1488 4449 1593 4497 ἐνδοῦναι
1607 4460 1640 4495 m.
1662 4450 1682 4493 1.
1699 4442 1708 4504 ΙΙ
1722 4464 1752 4476 ·-
1763 4423 1871 4497 προπίω]

291 4522 383 4580 πρῶτον
403 4527 496 4578 margo.
515 4514 687 4577 sigismundus
704 4514 817 4579 Ungariae
832 4529 891 4575 rex,
906 4516 977 4578 euius
994 4517 1110 4567 auxilium
1129 4517 1246 4567 Emannel
1266 4518 1398 4581 imperator
1412 4517 1438 4566 iu
1452 4531 1562 4568 summm
1578 4515 1700 4579 angustias
1718 4508 1814 4559 adactus
1829 4498 1867 4548 im·

291 4588 444 4652 ploraverat,
458 4584 543 4649 proetio
553 4585 585 4635 ad
595 4585 729 4649 Nicopolim
742 4600 826 4636 meirse
837 4590 904 4649 Sept.
912 4602 951 4636 ao.
965 4591 1024 4637 1396
1038 4588 1171 4638 commisso
1185 4587 1320 4650 aBajnside
1333 4587 1469 4637 debellatus
1481 4592 1526 4639 est.
1541 4590 1551 4651 ΙΙ
1562 4615 1593 4624 -
1604 4580 1763 4647 Tsodomlue
1773 4586 1801 4624 0¹
1812 4588 1829 4624 ‘³
1839 4564 1870 4613 *ΕΙ

290 4674 318 4714 ης
330 4660 412 4707 ortum
424 4655 508 4706 tuerit.
522 4658 561 4706 ct.
576 4661 626 4707 not.
636 4657 669 4706 ad
678 4669 723 4720 ουρ
747 4660 784 4719 ιι,
802 4663 838 4705 ιο.
856 4659 892 4707 De
906 4657 1015 4721 Bajeside
1025 4657 1132 4708 Timuris
1143 4662 1212 4708 motu
1224 4672 1239 4708 a
1249 4659 1323 4709 rebus
1339 4659 1477 4721 Byzantinis
1487 4661 1588 4708 avocato
1600 4672 1624 4706 ν.
1640 4658 1718 4705 Duces
1729 4663 1752 4714 p·
1765 4651 1801 4705 59,
1814 4643 1838 4689 ¹⁹
1848 4637 1868 4684 ⁰⁸

291 4728 422 4778 Piranum
437 4741 462 4790 ρ,
477 4730 517 4788 θί,
540 4730 566 4777 17
585 4731 610 4777 et
623 4732 661 4786 88,
680 4731 721 4777 lif
735 4726 746 4790 ΙΙ
762 4754 792 4763 -
809 4728 952 4793 ἀνελπίστῳ]
969 4729 1063 4792 ἀπίστῳ
1077 4744 1142 4793 mgo.
1674 4790 1677 4795 ,
1799 4783 1804 4794 ‚

321 4798 385 4862 §tl¹
406 4800 436 4848 ‘0
454 4799 479 4846 δε·
499 4814 527 4858 γε
541 4800 644 4860 πατὴρθ
658 4798 728 4862 ἐμὸς]
744 4800 852 4848 Morates
870 4802 894 4849 ΙΙ
909 4799 961 4849 sive
982 4799 1093 4863 Marad,
1110 4804 1180 4865 pater
1205 4801 1378 4861 machometis,
1397 4799 1630 4863 Constantinopolim
1648 4807 1709 4845 anno
1723 4793 1786 4867 1422,
1798 4779 1868 4831 Ιΰίθί

290 4866 330 4918 die
344 4871 367 4918 Χ
380 4867 447 4918 Junii
464 4866 496 4917 ad
515 4867 580 4917 diem
597 4870 681 4918 xxiv
697 4869 815 4931 Augusti,
836 4868 941 4918 obsedit.
959 4872 1013 4926 Qua
1033 4870 1065 4920 de
1079 4870 1205 4920 obsidione
1231 4872 1381 4935 peculiarem
1402 4869 1513 4921 ΙΙθεΙΙιιιιι
1538 4870 1658 4919 habemus
1672 4867 1768 4913 Joanms
1780 4855 1867 4904 cauumt

292 4938 340 4997 (ιι
350 4939 442 4991 orcam
460 4938 588 4988 rumim
601 4938 628 4987 in
647 4938 707 4988 νιιι.
724 4940 800 4988 nono.
815 4952 839 5001 ρ,
855 4941 977 5005 ionum.
990 4939 1029 4988 cr.
1040 4940 1174 4990 rennues
1183 4954 1206 5004 p.
1226 4946 1278 5000 ne,
1294 4944 1375 4991 nuos
1388 4955 1412 5004 p.
1429 4945 1486 5001 ιιι,
1500 4935 1663 4990 enarmonio.
1674 4947 1697 4998 ο.
1710 4933 1752 4980 ιιι
1765 4917 1866 4985 nott·

291 5007 388 5056 rateaiu
399 5007 487 5061 urbem
497 5006 563 5056 omui
576 5007 745 5057 machinarum
755 5022 843 5071 genere
860 5008 1067 5059 circumvallatam
1078 5010 1104 5059 vi
1112 5010 1247 5074 irrumpere
1261 5015 1379 5061 tentansa
1392 5012 1530 5075 Byzantinis
1542 5006 1610 5059 eiade
1621 5006 1722 5055 attentus
1734 5000 1758 5046 et
1773 4985 1867 5074 {¹313ssssOE

290 5077 337 5124 est.
353 5076 463 5126 Noutuo
481 5074 525 5125 rei
541 5076 676 5137 insisteret,
698 5077 778 5126 movit
791 5076 891 5126 rebellio
902 5078 1039 5140 Mustaphm
1053 5080 1136 5129 fratris
1148 5080 1267 5142 junioris,
1281 5082 1353 5145 enJ'ne
1367 5083 1470 5131 conatus
1479 5077 1595 5131 Emmuet
1608 5074 1737 5137 imperator
1749 5062 1866 5150 ¹¹}'⁸⁸¹⁵,¹³⁰'

290 5143 417 5194 euniarum
437 5146 554 5196 subsidiis
571 5147 737 5209 adjuvaverat.
757 5147 936 5210 ituataphaitle
947 5148 972 5196 iu
984 5148 1065 5198 Niema
1081 5151 1142 5200 urbe
1156 5155 1244 5212 eaptus
1255 5151 1430 5214 strangulatur.
1446 5152 1456 5213 ΙΙ
1469 5151 1522 5214 -5
1543 5154 1579 5198 13.
1592 5152 1621 5210 τη
1634 5146 1685 5205 περὶ
1700 5141 1725 5188 τὸ
1737 5139 1794 5184 tatu
1809 5124 1855 5241 δρία

289 5212 420 5265 Notissima
438 5214 544 5278 intellige
561 5216 662 5266 dissidia
680 5230 737 5279 qum
751 5218 782 5267 de
793 5217 951 5267 ecclesiarum
966 5219 1092 5281 junctione
1109 5221 1210 5269 Nieotao
1224 5223 1245 5269 v
1260 5235 1317 5271 eum
1329 5221 1489 5271 Constantino
1501 5219 1645 5283 imperatore
1659 5200 1817 5261 ῖινιετοοθείιθΙΙ

292 5282 345 5346 -ς
361 5284 398 5331 14.
412 5284 541 5347 μηχανῶν]
552 5302 630 5348 μηχαν
633 5321 682 5336 .....
698 5299 798 5350 ιιιοιρος
815 5286 915 5337 ultimae
925 5287 991 5339 vonis
1000 5287 1084 5339 literas
1093 5287 1230 5353 bibliopega
1247 5290 1368 5355 prmeidit.
1388 5291 1471 5342 Fuerit
1484 5286 1666 5354 μηχανημάτων·
