3890 6044
544 377 595 437 nn
613 376 777 440 uacuus
797 379 991 441 fitSTORtAE
1012 380 1178 443 truce„
1583 380 1653 461 nvo

44 501 99 571 stt.
111 501 144 563 ln
160 504 225 565 hoc
243 522 410 587 computo
424 508 578 569 Harmoris
598 530 694 570 annus
708 513 765 571 813
786 510 881 591 (1077
894 532 923 573 a.
944 511 1008 591 C),
1024 534 1083 591 quo
1102 513 1208 572 Neleus
1223 513 1353 572 colonias
1367 511 1483 572 lonicus
1496 512 1655 573 deduxisse

48 600 151 665 luditur
172 602 249 682 lep.
271 626 316 678 ²7
327 604 361 685 l,
386 606 531 666 Medontis
548 626 642 666 annus
656 620 701 666 est
717 604 849 662 moinus
864 617 980 676 sextus,
997 605 1083 682 cujus
1100 605 1166 663 loco
1178 604 1311 684 lapicidas
1326 605 1487 684 sphalmate
1501 620 1651 665 exaratum

4 614 138 2895 {legitur
150 704 325 771 Μενεσθέως
342 704 561 784 τρισκαιδεκάτου
574 703 647 773 irco<
655 688 669 778 ,⁸
679 723 744 784 quae
757 702 847 761 verba
860 722 897 761 cx
908 703 1161 775 antecedentibus,
1178 703 1230 762 uhi
1246 704 1355 783 epocha
1367 704 1565 783 expeditionis
1576 705 1654 764 Tro-

57 800 116 878 iane
124 814 328 874 memoratur,
342 820 501 881 perperam
514 802 637 880 repetita
649 810 731 872 sunt,
746 800 790 859 uti
801 812 880 859 recte
892 802 1007 860 monuit
1021 800 1194 860 Palmerius.
1209 798 1365 860 Bueclthiris
1378 800 1470 861 verba
1483 823 1569 879 τρισκ.
1582 802 1655 869 ἔτους

63 899 182 971 merit,
194 899 271 957 satis
284 898 405 957 habens
422 919 478 977 pro
492 896 645 965 Μενεσθέως
677 895 829 975 scripsisse
843 895 985 961 Μέδοντος.
1004 896 1080 955 Τιιιιι
1094 917 1168 956 vero
1182 898 1327 957 llledontis
1340 918 1434 957 annus
1451 901 1566 977 primus
1581 901 1660 959 toret·
1738 888 1739 891 Ἴ

64 998 126 1073 ιι89
138 1010 166 1054 et
182 995 255 1054 anni
274 995 329 1054 isti
341 994 452 1071 viginti
468 996 613 1073 quinque,
638 993 692 1071 qui
710 993 742 1051 in
756 992 949 1071 posttrojanis
966 994 1125 1072 supplendi
1138 1009 1239 1066 erant,
1259 994 1365 1070 partim
1384 997 1462 1054 inter
1474 996 1653 1069 archontes,
1701 1006 1703 1011 '

60 1094 153 1173 partin
167 1094 247 1152 iuter
269 1111 359 1169 reges
380 1091 583 1150 antecedentes
601 1088 800 1191 distribuepdi
825 1088 933 1148 loreut.
948 1088 1035 1158 Quod
1059 1110 1149 1168 quum
1174 1091 1364 1151 artificiosius
1387 1093 1442 1165 sit,
1459 1111 1563 1172 parmi
1580 1092 1654 1151 mihi

59 1194 195 1271 ρωιιιω.

573 1320 576 1325 “
608 1342 778 1403 connum
805 1342 1098 1404 ιιιιτιοιιιιε,

95 1526 232 1585 Videmus
246 1542 300 1582 eos
318 1526 371 1601 qui
385 1520 556 1580 archontum
578 1519 781 1579 decennalium
798 1537 891 1578 annos
915 1540 953 1593 7o
969 1521 1015 1579 vel
1030 1523 1069 1580 68
1090 1523 1122 1580 in
1136 1536 1305 1601 computum
1323 1523 1467 1602 cyclicum
1483 1539 1657 1603 receperunt

55 1638 81 1681 et
93 1642 110 1681 a
123 1623 249 1680 Creonte
263 1620 301 1679 ad
317 1619 480 1698 Cecropem
499 1617 613 1684 14><63
631 1634 724 1675 annos
738 1627 951 1687 numerarunt,
968 1616 1107 1695 Cecropis
1124 1617 1263 1696 epocham
1276 1632 1385 1698 septem
1401 1619 1447 1678 rel
1463 1621 1594 1698 quinque
1607 1642 1656 1679 an-

54 1720 97 1776 nis
110 1717 280 1776 inferiorem
295 1716 434 1792 posuisse
448 1733 535 1793 quam
549 1713 685 1792 ponenda
699 1725 763 1772 crat
775 1732 812 1771 ex
825 1726 926 1771 vetere
939 1727 1094 1792 computo,
1110 1734 1170 1792 quo
1187 1716 1301 1780 13><63
1317 1717 1385 1774 anni
1400 1728 1511 1775 etanta
1522 1715 1656 1796 Charope

56 1813 265 1893 adCecrupem.
276 1812 327 1871 Sic
340 1832 372 1874 v.
385 1833 413 1871 c.
430 1824 514 1870 vetus
526 1810 665 1888 Cecropis
679 1830 774 1869 annus
787 1810 858 1883 1571
874 1811 884 1887 (
898 1812 1012 1876 13><63
1028 1823 1095 1870 ante
1108 1811 1394 1891 7521evacitannus
1410 1813 1484 1873 1566
1498 1817 1545 1872 vel
1558 1815 1631 1884 1564
1644 1860 1652 1886 ,

59 1911 155 1988 siquis
172 1910 290 1980 14><63
303 1927 398 1967 annos
411 1906 564 1985 exputavit
577 1904 646 1964 iodc
660 1925 678 1964 a
694 1904 830 1964 Creontis
843 1925 923 1965 anno
937 1907 995 1973 ddl
1012 1908 1062 1966 vel
1075 1908 1146 1969 682.

89 2005 154 2063 darn
165 2025 239 2064 vero
259 2024 349 2083 supra
362 2003 508 2082 exemplis
520 2001 714 2082 probavimus
730 2003 876 2063 exstitisse
890 2002 995 2063 falsam
1009 2002 1137 2082 aliquam
1152 2004 1392 2082 chronologiam,
1409 2024 1467 2083 qua
1480 2006 1654 2064 archontum

60 2116 82 2160 et
99 2115 359 2179 rerumgestarum
374 2115 507 2179 ternpore
526 2112 636 2178 septem
652 2100 699 2158 vel
715 2100 850 2178 quinque
863 2099 949 2181 aunis
962 2098 1044 2177 justo
1058 2102 1227 2179 antiquiora
1243 2116 1432 2181 ponerentur.
1448 2102 1553 2161 Vitiosi
1568 2103 1656 2180 hujus

62 2200 180 2278 mmputi
198 2200 286 2275 origo
302 2210 408 2277 sponte
421 2197 604 2275 cuiquesese
619 2195 714 2257 oslcrt.
731 2195 898 2275 Repetenda
912 2197 1026 2257 scilicet
1044 2218 1081 2258 ex
1099 2219 1135 2258 eo
1149 2213 1193 2258 est
1207 2201 1286 2278 quod
1305 2201 1403 2277 cyclos
1421 2200 1490 2259 illos
1504 2214 1657 2278 quattuor-

58 2295 146 2355 decim
165 2316 225 2355 non
239 2293 454 2373 computabant
470 2313 489 2352 a
502 2293 639 2352 Creontis
653 2313 751 2367 anno,
770 2293 822 2352 sed
843 2307 973 2353 asetere
993 2295 1104 2374 epocha
1123 2296 1274 2374 Cecropis.
1294 2297 1391 2374 Igitur
1413 2316 1516 2374 quum
1527 2296 1657 2356 calculus

57 2390 258 2450 suhduoerrdus
269 2402 347 2450 esset
358 2390 441 2449 hunc
455 2390 486 2448 in
499 2392 617 2449 modom

511 2488 568 2545 682
589 2496 630 2555 -l-
652 2488 710 2545 88ι
732 2511 773 2542 =
798 2488 873 2557 1564
895 2507 990 2546 annus
1014 2509 1025 2543 ι
1050 2486 1206 2566 Cecropis,

59 2584 112 2657 illi,
125 2598 293 2664 mutato
308 2585 438 2644 termino
451 2604 557 2663 aquo,
574 2584 755 2643 calcularunt
773 2607 781 2641 z
1168 2660 1174 2671 1

511 2682 582 2756 1571
607 2714 646 2726 —
669 2683 726 2740 88ι
747 2708 787 2734 =
808 2682 867 2757 689
889 2701 983 2740 annus
1003 2680 1139 2740 Creontis
1153 2674 1218 2757 (⁸⁴¹).

57 2777 85 2835 ln
97 2777 153 2837 hac
166 2778 388 2858 consputatione
408 2779 474 2837 fieri
498 2778 595 2857 potuit
614 2791 646 2836 ut
659 2797 719 2837 una
740 2798 806 2836 cum
829 2776 1001 2836 archontum
1024 2778 1110 2836 anuis
1125 2780 1213 2836 etiam
1236 2796 1294 2836 aera
1312 2776 1385 2836 belli
1404 2775 1528 2855 Trojani
1551 2778 1655 2837 eodem

55 2889 161 2954 septem
179 2877 228 2936 rel
244 2876 379 2954 quinque
400 2894 543 2934 annorum
558 2894 684 2933 numero
695 2873 804 2952 ajusto
817 2894 869 2933 sua
887 2873 956 2932 sede
967 2873 1176 2959 dimoyerctur,
1190 2888 1219 2933 et
1233 2896 1261 2936 v.
1278 2895 1305 2935 c.
1320 2873 1358 2932 ab
1371 2893 1448 2932 anno
1467 2877 1540 2952 1193
1554 2875 1585 2933 in
1607 2896 1657 2933 an·

54 2990 119 3030 num
137 2993 212 3031 raoo
225 2971 458 3047 transmigraret
472 2969 625 3047 Ejusmodi
645 2990 731 3029 aeram
749 2969 958 3051 (raon-1191)
977 2969 1145 3047 suppeditat
1159 2969 1289 3049 Vellejus
1305 2990 1332 3044 1,
1349 2971 1366 3027 8
1382 2970 1434 3047 qui
1451 2969 1571 3030 Rouralu
1585 2993 1654 3029 eon-

52 3068 139 3128 ditam
154 3089 220 3130 esse
236 3069 311 3128 dicit
323 3068 369 3129 Ol.
383 3069 415 3140 6,
430 3069 458 3126 3.
474 3068 586 3140 754-53
600 3086 627 3128 a.
643 3066 678 3126 C.
692 3079 756 3146 post
772 3065 890 3144 Trojam
904 3077 1016 3144 captam
1032 3066 1117 3125 annis
1138 3067 1205 3139 437.

598 3242 648 3301 DE
670 3242 772 3301 tutto
794 3242 907 3302 ROMAE
927 3242 1114 3302 CONDlTAE.

88 3406 225 3465 Ceterum
240 3424 279 3463 ex
290 3403 435 3480 Charopis
450 3402 598 3489 archontis
611 3403 738 3481 epocha,
751 3423 816 3481 quae
832 3402 863 3461 in
877 3403 974 3461 Attica
983 3402 1175 3478 chronologia
1189 3402 1299 3481 primas
1313 3416 1410 3481 partes
1425 3416 1518 3480 tenet,
1531 3403 1658 3482 plurima

51 3504 133 3561 etiam
151 3523 257 3562 eorum
272 3501 401 3580 pendent
417 3519 482 3578 quae
503 3500 541 3558 de
560 3520 638 3557 anno
653 3500 779 3559 conditae
797 3501 896 3560 llomae
912 3498 997 3558 urbis
1020 3499 1196 3558 ferebantur.
1216 3498 1283 3558 llaec
1299 3499 1378 3557 enim
1400 3512 1531 3578 apertea
1552 3502 1654 3575 graccis

50 3599 241 3675 chronologis
260 3596 395 3677 prolecta
412 3608 497 3668 sunt,
518 3614 613 3674 neque
631 3596 772 3674 explicari
794 3596 909 3654 ratione
924 3593 1074 3674 probabili
1095 3608 1235 3673 possunt,
1250 3597 1276 3654 si
1292 3594 1361 3674 quis
1385 3615 1507 3672 yraecam
1531 3596 1655 3653 chrono-

49 3697 157 3771 logiam
175 3714 193 3754 ε
208 3693 304 3753 caseis
316 3693 513 3751 llomauorum
528 3691 713 3770 temporibus
727 3693 829 3770 procul
848 3690 1010 3750 hahendam
1026 3710 1089 3750 esse
1103 3711 1169 3750 cum
1183 3691 1376 3750 llornmseuio
1391 3694 1537 3770 opinetur.
1553 3691 1657 3748 Nitun-

50 3805 96 3849 tur
117 3793 312 3871 συγχρονισμῷ
337 3789 536 3864 chronologiae
552 3790 687 3867 mythicae
703 3788 886 3866 simplicitati
904 3786 1208 3846 accommodatissime
1231 3808 1238 3845 ε
1260 3788 1375 3865 primus
1393 3808 1444 3846 rex
1465 3808 1532 3846 cum
1554 3789 1653 3866 primo

49 3890 188 3947 archonte
208 3887 381 3959 decennali,
401 3885 500 3943 ultimi
521 3885 745 3963 regis'expulsio
766 3903 831 3942 cum
845 3883 1021 3961 expulsione
1042 3882 1298 3942 Pisistratidarum
1317 3897 1547 3962 componuntur.
1568 3883 1655 3941 Com·

50 3986 107 4061 puri
120 4005 196 4045 vero
207 3988 335 4042 varietas
346 4002 412 4060 quae
424 3981 461 4040 de
475 3981 591 4040 Romuli
603 3981 715 4059 epocha
727 3980 804 4059 apud
817 3980 964 4039 Romanos
977 3981 1137 4058 scriptores
1149 3980 1274 4053 obtinet,
1288 3999 1322 4039 ea
1332 3994 1376 4040 est
1388 4000 1453 4059 quae
1463 3981 1500 4039 de
1511 3980 1655 4059 Charopis

51 4102 123 4140 auno
142 4083 249 4161 primo
261 4079 394 4138 occurrit
409 4078 457 4136 vel
474 4094 512 4135 ex
530 4078 646 4153 legibus
659 4077 860 4154 chronologiae
872 4077 973 4136 Atticae
985 4077 1259 4154 interpretationem
1275 4076 1363 4136 habet
1376 4076 1503 4137 facilem.

88 4203 114 4239 ι.
129 4179 302 4240 Secundum
316 4176 478 4255 genuinum
493 4191 661 4255 computum
678 4176 804 4234 Atticum
822 4174 965 4251 Charopis
979 4173 1128 4232 archontis
1142 4187 1171 4234 et
1187 4173 1302 4233 llornuli
1329 4176 1406 4251 regis
1430 4193 1525 4233 annus
1539 4175 1654 4254 primus

52 4278 241 4354 punituruno
251 4275 338 4355 cyclo
351 4275 481 4332 maximo
494 4286 561 4352 post
572 4272 788 4351 expeditionem
802 4270 961 4348 'frojanam
975 4271 1004 4350 (1
1014 4272 1144 4347 193-441
1159 4294 1168 4343 ;
1188 4274 1354 4350 ubl-lla)
1365 4273 1429 4331 sirc
1444 4272 1562 4352 Olymp.
1582 4295 1610 4345 7,
1628 4295 1653 4334 ι.

53 4377 202 4449 752-751‚
220 4387 250 4432 et
266 4372 360 4431 Roma
377 4369 495 4428 condita
508 4382 552 4428 est
564 4369 709 4428 Palilibus
728 4369 791 4428 sive
804 4367 836 4428 d.
853 4389 887 4425 ar
905 4368 1016 4446 Aprilis
1030 4388 1077 4427 an.
1095 4368 1163 4440 751.
1179 4368 1247 4428 Haec
1260 4369 1350 4427 Urbis
1373 4389 1445 4440 arra,
1461 4389 1549 4447 quam
1563 4368 1651 4441 Calo,

54 4470 228 4548 Dionysius,
241 4468 362 4546 Apion,
375 4464 537 4536 Eusebius,
552 4464 672 4523 Solinus
689 4465 884 4543 adoptarunt,
897 4465 1032 4542 quamvis
1049 4467 1159 4524 nonsit
1174 4467 1382 4536 usitatissima,
1401 4479 1496 4524 tamen
1512 4479 1656 4543 quatenus

54 4583 217 4647 computum
233 4565 488 4645 simplicissimum
503 4563 616 4637 reddit,
629 4561 733 4620 ceteris
745 4560 925 4639 praeferenda
941 4561 1026 4621 foret.
1042 4562 1155 4632 Quodsi
1172 4564 1323 4633 nonnulli,
1340 4576 1371 4621 ut
1383 4561 1525 4639 Polybius
1540 4574 1568 4619 et
1585 4561 1655 4618 Cor-

55 4664 145 4725 uelim
157 4665 273 4746 Nepos,
289 4659 508 4743 proanu0751
526 4672 641 4738 ponam
652 4678 699 4720 an.
719 4659 793 4732 750,
809 4657 840 4716 id
854 4676 891 4716 ex
906 4677 941 4717 eo
954 4658 1149 4718 derivandum
1164 4660 1280 4718 ridetur
1294 4659 1372 4736 quod
1391 4660 1422 4716 in
1438 4657 1559 4717 calculis
1580 4656 1654 4714 sub-

57 4760 190 4824 ducendis
203 4775 342 4822 auctores
356 4757 449 4834 hujus
470 4756 600 4834 computi
619 4755 656 4814 ab
671 4775 748 4813 anno
767 4755 841 4811 1183
859 4755 1100 4833 proficiscuntur,
1118 4769 1167 4815 aut
1181 4757 1260 4834 quod
1276 4756 1358 4814 urbis
1371 4772 1479 4812 annum
1497 4752 1623 4831 primum
1639 4774 1655 4810 a

58 4860 159 4934 potiori
175 4868 344 4940 pomerum
354 4872 442 4924 eum,
457 4852 493 4911 ad
508 4872 593 4930 quem
608 4853 705 4910 decem
720 4870 832 4909 menses
845 4850 915 4909 anui
929 4851 1076 4929 Olympici
1094 4856 1252 4932 pertinent.

84 5067 127 5131 (Ἴ
137 5070 254 5121 s‘uniliter
266 5067 326 5118 alise
339 5064 534 5127 computationes
546 5062 698 5113 lrmtlouales
709 5061 791 5112 locum
809 5059 900 5111 habere
916 5064 1042 5126 poteraut,
1057 5068 1132 5128 pmut
1144 5062 1201 5126 quis
1214 5072 1335 5110 summam
1351 5069 1489 5115 annorum,
1505 5069 1562 5119 qun
1575 5068 1590 5105 a
1606 5059 1652 5105 Ce-

56 5142 331 5265 &wanga
337 5136 465 5260 mrum
478 5136 504 5187 iu
517 5135 592 5191 rsrlis
608 5133 730 5200 computis
741 5135 891 5194 renarrat,
908 5146 923 5184 ε
939 5135 1054 5199 cecropis
1071 5133 1163 5197 epocha
1181 5130 1263 5193 atqua
1276 5123 1414 5179 numeravit
1432 5138 1490 5188 que
1504 5125 1536 5177 ab
1550 5123 1597 5176 hac
1610 5140 1654 5176 atr·
