3842 6036
277 536 334 598 {54

311 672 342 730 ·V
343 671 380 731 II.
396 668 499 731 Ἐνττολ
514 669 542 728 δέ
555 694 603 730 του
617 692 696 729 αυτου
715 674 803 752 θερους
815 669 991 750 ἐστράτευσαν
1008 669 1051 730 ἐπὶ

276 757 381 823 Αίσόον
407 758 453 819 καί
477 759 633 831 Μιτυλήνην
655 758 775 839 τριήρεσι
796 757 980 837 ἐόδομήκσντα
1002 759 1049 819 καί

274 846 368 906 ὁλκάσι
385 845 513 927 μεγάλαις
527 845 573 907 καλ
594 846 750 927 τρισχιλίοις
762 846 892 920 ὁπλίταις,
908 847 952 915 οῦς
971 838 1042 927 εἶχον

274 934 319 994 ἐπλ
332 938 384 994 τῶν
399 933 651 1015 καταστρωμάτων,
665 933 756 1015 ἐρερον
772 933 801 994 δέ
814 933 860 994 καί
880 934 951 995 ὁπλα
967 937 1053 996 πολλὰ

274 1024 301 1081 ίν
314 1026 373 1090 ταῖς
384 1022 479 1083 ὁλκάσι
489 1022 536 1082 καλ
547 1021 669 1103 μηχανδις
682 1022 860 1104 πετροόολους
868 1022 914 1082 καὶ
924 1026 1053 1105 ἀφετήρια

274 1113 320 1171 καί
340 1112 473 1188 κλίμακος
489 1114 534 1171 καί
556 1122 646 1174 πᾶσαν
660 1113 743 1186 άλλην
762 1112 929 1184 κατασκευήν
949 1117 1001 1173 τῶν
1025 1115 1051 1183 ἐς

272 1199 449 1281 τειχομαχίαν
467 1199 629 1275 ἐπιτηδείαν.
673 1201 707 1282 (τ)
721 1200 776 1262 Καὶ
795 1201 948 1279 ἀφικόμενοι
962 1201 988 1267 ἐς
1003 1200 1053 1262 Δί·

274 1288 337 1347 σόον
354 1292 473 1368 κατῆραν
499 1291 526 1356 ίς
539 1287 583 1349 τδν
606 1288 702 1364 λιμένα
721 1288 895 1361 Μιτυλήνης,
917 1289 964 1348 καί
980 1290 1049 1348 dno·

273 1375 368 1445 όιίνττς
393 1375 571 1456 στρατόπεδον
593 1375 694 1437 τιθίασι
720 1376 771 1458 πρδ
794 1379 842 1447 τῆς
863 1377 978 1449 πόλεως,
1003 1378 1049 1436 καὶ

272 1465 449 1559 προσρίρουσι
473 1464 566 1544 λόγους
588 1473 641 1532 τοῖς
658 1466 684 1525 ἐν
701 1470 735 1544 τῇ
751 1464 826 1523 πόλει
843 1466 904 1544 περὶ
927 1465 1051 1532 ἐνδόσεως

270 1558 373 1614 ίαυτῶν
387 1576 418 1612 τε
432 1551 479 1614 καλ
494 1557 542 1626 τῆς
555 1551 663 1619 πόλεως.
680 1553 717 1613 Οί
731 1549 759 1611 δέ
773 1556 822 1612 οῦκ
836 1551 969 1621 ἐδίξαντο·
981 1543 1050 1625 ήσαν

273 1645 325 1722 γὰρ
344 1645 373 1704 ἐν
385 1644 455 1723 αὐτῇ
466 1639 574 1723 ρρουρολ
586 1639 677 1719 άνδρες
689 1639 799 1717 λογάδες
812 1638 996 1721 κατάφρακτοι
1009 1664 1050 1701 τε-

270 1730 406 1811 τρακόσιοι
423 1734 475 1791 τῶν
492 1731 545 1790 όπδ
561 1732 610 1800 τῆς
629 1730 769 1809 βασιλικῆς
784 1730 874 1801 αὐλῆς.
918 1730 955 1810 (τ)
971 1731 1007 1791 Οἱ
1023 1729 1050 1789 δέ

272 1824 375 1901 πρῶτον
392 1819 440 1896 μίν
460 1817 657 1897 ἐκειρανμέρος
673 1840 698 1876 τι
716 1821 763 1889 εής
778 1821 841 1894 γῆς·
861 1819 891 1876 οδ
905 1818 955 1897 γὰρ
974 1818 1051 1878 ε’όού·

273 1910 350 1967 λυντο
363 1917 453 1974 πᾶσαν
466 1909 584 1986 δηῶσαι,
595 1907 790 1989 προσδοκῶνττς
808 1906 890 1978 αὐτήν
907 1907 1050 1988 λήψεσθαι·

270 1996 375 2071 μετδδέ
384 2000 461 2055 τοῦτο
469 1993 919 2075 πτρισχόντεςένκύκλῳπᾶσαντήν
928 1997 1050 2076 πόλιντῷ

272 2088 379 2165 στρατῷ
388 2084 458 2144 κατὰ
469 2088 518 2161 γῆν
529 2108 558 2142 τε
564 2082 611 2142 καλ
622 2084 692 2144 κατὰ
702 2083 838 2143 θάλασσαν
846 2091 903 2150 ταῖς
908 2083 994 2154 ναυσὶ,
1004 2084 1051 2142 καὶ

271 2174 394 2254 μηχανὰς
405 2172 593 2243 ἐπιστήσαντες
603 2172 781 2252 ἐπολιόρκουν.
826 2172 862 2251 (ι)
876 2171 931 2233 Καί
946 2177 992 2231 τοῦ
1002 2171 1049 2249 μίν

272 2262 374 2340 στίχους
391 2260 465 2320 αύτολ
480 2260 528 2337 μίν
543 2261 679 2320 κατέσειον
692 2259 793 2340 ἡμέρας
812 2282 838 2317 τι
859 2261 938 2339 μέρος
956 2259 1049 2339 μικρὸν

272 2353 329 2416 ταῖς
340 2357 475 2430 μηχαναῖς
481 2348 527 2407 καί
532 2347 721 2428 κατερρίπτουν
729 2370 736 2385 ·
745 2350 769 2406 οἱ
776 2347 803 2405 δὲ
811 2349 876 2428 ἐντῇ
884 2349 959 2406 πολει
968 2348 1048 2407 πάλιν

269 2438 402 2518 ἂνώρθουν
411 2437 475 2497 αὖτδ
484 2436 584 2509 νυκτδς,
593 2438 680 2505 λίθους
693 2459 722 2495 τε
732 2435 849 2505 καὶξύλα
860 2434 980 2515 καλχοῦν
993 2437 1050 2494 ι’πι-

272 2533 423 2606 φοροῦντες,
438 2524 548 2607 προσίτι
562 2525 591 2584 δέ
605 2523 652 2584 καλ
662 2525 768 2606 κεραίας
778 2523 895 2603 μεγάλας
908 2522 1049 2602 ἐπάγοντες

267 2615 473 2696 περιεσταύρουν
487 2614 517 2674 τδ
530 2615 632 2693 τεῖχος,
645 2613 691 2680 τδς
702 2614 729 2672 δέ
746 2613 793 2673 καί
809 2613 966 2691 ἐξαρτῶντες
980 2610 1047 2669 ἇλύ·

274 2725 364 2776 σεσιν,
377 2703 543 2773 ἐξεκαύλιζον
558 2702 606 2773 τήν
625 2701 707 2780 ιρσρδν
725 2704 778 2760 τῶν
793 2700 890 2773 λίθων,
911 2698 957 2758 καλ
974 2698 1047 2759 ούδέν

264 2799 390 2853 τοσοῦτον
402 2790 575 2852 ἐόλόπτοντσ.
593 2789 629 2870 (ε)
640 2789 810 2868 Ἐγίνυντοδδ
819 2789 866 2849 καί
876 2792 936 2847 καθ’
947 2789 1051 2868 ἡμέραν

269 2882 461 2963 ἀκροόολισμοί
482 2904 549 2949 τινες
569 2881 616 2939 καὶ
635 2876 796 2959 ἐπεκδρομαί
822 2877 975 2949 ἐπεξιόντων
997 2882 1050 2936 τῶν

273 2971 413 3052 βασιλείων
426 2969 616 3039 τοῖςἘνετοῖς·
626 2968 655 3027 ού
668 2967 722 3046 μήν
732 2967 778 3028 καλ
790 2965 955 3040 ἀπέθνησκόν
969 2990 1047 3040 τινες,

272 3060 331 3121 ἀλλ’
343 3062 533 3142 ἐτιτρώσκοντο
547 3057 626 3133 μόνον
639 3056 745 3119 πολλοί.
762 3056 934 3137 Ὑπώρυττον
958 3055 986 3114 δέ
1002 3055 1050 3113 καί

266 3148 298 3206 τὸ
321 3157 410 3229 τεῖχος
428 3147 500 3207 ἐστιν
519 3137 565 3219 οῦ,
584 3144 730 3221 ὑπονόμους
749 3145 815 3224 πρδς
835 3143 882 3216 τήν
896 3144 972 3201 πόλιν
991 3168 1051 3204 ποι·

264 3243 370 3310 οῦντες,
392 3236 438 3295 καὶ
451 3233 586 3311 κλίμακας
605 3233 773 3311 ἐπήγνυσαν,
789 3234 834 3293 καλ
848 3233 971 3311 μηχανὰς
984 3256 1051 3290 παν-

267 3324 339 3391 τοίας
353 3323 487 3402 ἐξήρτυον.
532 3322 566 3399 (ι)
578 3321 794 3401 Προσεχώρησαν
806 3322 834 3381 δέ
845 3320 985 3387 αὐτοῖςκαὶ
996 3323 1047 3380 τῶν

269 3413 359 3471 ἄλλων
383 3408 558 3483 πολισμάτων
580 3409 642 3485 δύο,
664 3408 711 3467 καὶ
731 3401 800 3481 ήσαν
825 3410 852 3467 ἐν
872 3406 975 3467 ἐλπίσιν
996 3406 1047 3481 ήδη

271 3499 406 3577 μεγίσταις
422 3498 468 3558 καλ
479 3496 634 3569 Μιτυλήνην
650 3500 718 3557 ἑλεῖν
739 3497 786 3555 καί
797 3495 845 3569 τήν
863 3495 946 3568 ἄλλην
959 3503 1048 3554 πᾶσαν

269 3586 373 3649 Λέσόον
397 3594 543 3668 κατασχεῖν
563 3585 609 3644 καί
625 3585 816 3666 χειρώσασθαι.
838 3582 894 3645 Καὶ
911 3585 935 3641 οὸ
952 3583 1001 3658 μέν
1021 3586 1047 3643 ἐν

264 3677 368 3746 τούτοις
381 3667 461 3749 ήσαν.
507 3676 540 3753 (7)
557 3673 686 3741 Βασιλεύς
701 3674 728 3733 δδ
742 3673 833 3750 μαθὼν
852 3671 901 3746 τήν
918 3677 943 3740 ἐς
964 3675 1048 3731 Μιτυ·

270 3766 352 3839 λήνην
375 3766 466 3846 ἐηοδον
485 3769 532 3824 τοῦ
552 3764 647 3824 στόλου
671 3766 724 3823 τῶν
737 3764 854 3824 Ἐνετῶν
871 3760 919 3821 καί
937 3761 985 3835 τήν
1000 3785 1049 3821 πο-

268 3856 386 3936 λιορκίαν
402 3856 497 3926 αὐτῆς,
509 3852 555 3912 καὶ
566 3856 601 3920 ώς
610 3851 750 3912 κινδυνεύει
760 3854 923 3931 παρ’,αὖτῶν
937 3851 1048 3925 ἁλῶναι,

268 3946 291 4002 εἶ
306 3944 344 4019 μή
357 3944 472 4023 τάχιστα
487 3941 563 4022 τύχοι
584 3939 722 4021 βοηθείας,
743 3939 818 4007 εὐθὺς
831 3938 954 4012 θθττονή
970 3939 1048 4017 λόγος

270 4036 413 4110 πληρώσας
427 4033 541 4111 τριήρεις
554 4030 617 4089 δέκα
631 4028 676 4088 καί
688 4031 798 4103 έκατδν,
810 4029 856 4088 καλ
870 4030 981 4096 ὁπλίτας
994 4033 1050 4088 ἐπι·

271 4121 385 4188 ῦιόάσας
400 4120 440 4177 ότι
455 4121 566 4187 πολλοὺς
578 4119 625 4180 καὶ
639 4118 710 4180 όπλα
724 4129 838 4179 παντοῖα
848 4120 894 4179 καὶ
906 4119 1048 4200 οἷρετήρια,

696 535 895 599 carrOIsULl
916 538 1174 601 HIS‘IIJRIARUM
1197 538 1268 598 LIB.
1293 539 1329 614 V,
1352 542 1441 601 '1-10.

1108 668 1204 738 λτύσας
1222 673 1297 730 πλεῖν
1312 671 1360 744 τήν
1375 671 1505 751 ταχίστην
1531 672 1578 732 καὶ
1596 672 1738 751 ξυμόαλεῖν
1758 678 1815 741 ταῖς
1828 678 1872 733 τῶν

1108 756 1241 837 πολεμίων
1254 759 1361 832 ναυσίν,
1377 758 1443 820 όπου
1457 762 1488 819 ἂν
1500 761 1615 839 τύχωσιν
1628 752 1717 822 οῦσαι.
1762 761 1795 840 (ι)
1810 761 1843 823 ‘0
1852 762 1874 821 δέ
1912 836 1913 839 ¹

1108 847 1233 927 ἀναχθεὶς
1248 847 1301 906 ὰπδ
1312 852 1358 907 τοῦ
1378 847 1520 918 Βυζαντίου
1537 849 1614 909 ἐπλεε
1626 850 1671 908 τδν
1683 848 1872 921 Ἑλλήσποντον
1912 856 1913 915 ί

1108 933 1154 994 καλ
1167 935 1288 1015 καταίρει
1295 936 1442 1014 δευτεραῖος
1451 938 1477 1003 ἐς
1487 936 1692 1011 Καλλιούπολιν,
1702 940 1780 997 κάκεῖ
1790 938 1873 1014 μαθδιν

1107 1020 1238 1102 τέσσαρας
1258 1023 1372 1105 τριήρεις
1391 1027 1443 1082 τῶν
1463 1025 1598 1099 πολεμίων
1617 1026 1783 1103 προσκόπους
1803 1028 1873 1105 ἐρσρ·

1105 1109 1206 1186 μούσας
1220 1115 1258 1189 τῷ
1272 1110 1358 1187 λιμένι
1374 1112 1503 1185 Τενέδου,
1516 1111 1546 1170 αἲ
1561 1112 1592 1182 δὴ
1607 1113 1652 1171 καὶ
1665 1113 1745 1195 μέχρι
1757 1120 1802 1173 τοῦ
1819 1115 1870 1175 στό·

1107 1220 1190 1276 ματος
1204 1203 1248 1259 τοῦ
1262 1204 1380 1279 πορθμοῦ
1394 1201 1565 1261 διαπλέουσαι
1577 1208 1603 1269 ἐς
1615 1204 1788 1275 κατασκοπήν
1801 1206 1873 1264 πάλιν

1108 1285 1286 1367 ὁττίστρερον,
1307 1287 1391 1366 μηδὲν
1409 1289 1546 1366 μελλήσας
1563 1290 1637 1359 εὐθὺς
1649 1293 1744 1361 νυκτός
1758 1292 1873 1372 ἀναχθείς

1104 1375 1157 1434 άπδ
1170 1377 1390 1445 Καλλιουπολεως
1400 1378 1480 1437 παντί
1491 1381 1530 1459 τῷ
1541 1380 1638 1460 στόλῳ,
1646 1378 1689 1439 ίνα
1704 1383 1742 1458 μή
1754 1382 1874 1449 ἔκπυστος
1913 1426 1914 1453 ,

1105 1463 1213 1540 γίνηται
1233 1464 1348 1543 θεαθελς,
1364 1466 1410 1526 καλ
1423 1465 1570 1543 πνεύμασιν
1590 1468 1683 1536 αἰσίοις
1696 1468 1874 1549 χρησάμενος,
1913 1486 1914 1513 ἓ

1105 1550 1123 1609 ό
1127 1576 1165 1628 μα
1179 1553 1269 1634 ήμέρτρ
1282 1553 1406 1633 κατήχθη
1417 1557 1443 1622 ἐς
1456 1555 1579 1617 Τένεδον.
1625 1556 1657 1636 (ν)
1672 1558 1727 1619 Καὶ
1741 1561 1875 1635 καταλαμ-
1913 1584 1914 1587 ’

1106 1639 1181 1699 όιίνει
1196 1641 1229 1714 δὴ
1253 1642 1300 1709 τδις
1314 1643 1429 1722 τριήρεις
1447 1644 1475 1701 ἐν
1495 1645 1533 1724 τῷ
1550 1643 1637 1721 λιμένι
1656 1645 1808 1724 ὁρμούσας,
1832 1648 1873 1705 καί

1104 1729 1152 1795 τὰς
1164 1729 1211 1805 μέν
1233 1729 1279 1789 δύο
1296 1730 1454 1811 αῦτιίνδρους
1469 1731 1601 1808 λαμόάνει
1618 1733 1684 1812 πρός
1701 1737 1739 1814 τῷ
1763 1734 1874 1813 στόματι

1104 1821 1150 1874 τοῦ
1164 1818 1281 1894 λιμένος·
1303 1819 1333 1877 οὗ
1350 1817 1401 1899 γάρ
1421 1817 1538 1900 ἐρθησαν
1553 1823 1829 1907 προικπεπλτυκυῑαι·
1851 1828 1875 1882 αἱ

1108 1904 1136 1966 δέ
1150 1907 1239 1987 ίττραι
1252 1905 1297 1965 δύο
1310 1908 1517 1988 προαναχθεῖσατ
1532 1909 1607 1987 μόγις
1622 1908 1757 1992 διέρυγον·
1772 1904 1875 1983 ήσανδί
1914 1952 1915 1979 ι

1106 1998 1159 2053 τῶν
1179 1994 1274 2075 άριστα
1293 1997 1444 2070 πλεουσῶν,
1461 1995 1507 2055 καί
1522 1997 1671 2056 θπεύσασαι
1689 1999 1804 2077 τάχιστα
1820 2002 1877 2081 αἰρι·
1914 1986 1915 2055 I

1103 2090 1226 2143 κινοῦνται
1238 2087 1263 2152 ἐς
1272 2084 1427 2158 Μιτυλήνην
1439 2084 1485 2144 καί
1494 2086 1690 2165 ἀπαγγέλλουσι
1703 2091 1757 2154 τοῖς
1768 2112 1877 2167 στρατη·
1914 2078 1915 2083 ¹

1105 2176 1160 2250 γοῖς
1180 2173 1225 2232 τδν
1241 2173 1369 2232 ἐπίπλουν
1391 2179 1437 2234 τοῦ
1451 2173 1544 2232 στόλου
1566 2181 1612 2234 τοῦ
1628 2173 1758 2253 βασιλέως
1773 2176 1819 2235 καί
1835 2176 1877 2248 τήν

1106 2260 1205 2320 άλωσιν
1218 2264 1270 2320 τῶν
1286 2262 1331 2320 δύο
1351 2265 1426 2322 νεῶν.
1469 2261 1517 2342 (ιο)
1540 2265 1575 2323 Οί
1597 2262 1619 2321 δ’
1632 2261 1708 2329 ιύθδς
1723 2262 1878 2331 α’κούσανττς

1104 2347 1194 2430 ὥσπερ
1223 2353 1335 2431 σκηπτῷ
1356 2374 1407 2410 τινι
1434 2350 1573 2429 βληθέντες
1591 2372 1623 2429 τη
1646 2352 1771 2431 ἀγγελίᾳ,
1793 2354 1877 2412 πάντα

1104 2437 1292 2506 καταλιπόντες
1305 2444 1384 2499 αὐτοῦ
1399 2437 1445 2497 καί
1460 2439 1582 2519 μηχανδις
1594 2439 1640 2499 καὶ
1652 2439 1721 2498 όπλα
1735 2441 1782 2498 καὶ
1795 2450 1878 2500 πᾶσαν

1105 2525 1189 2600 άλλην
1204 2528 1368 2600 ἀποσκευήν,
1382 2525 1506 2595 ἐσόάντες
1520 2530 1546 2595 ἐς
1559 2528 1607 2596 τδις
1620 2527 1732 2609 τριήρεις
1756 2529 1877 2593 ἀτάκτως
1915 2550 1916 2609 γ

1103 2637 1133 2674 τε
1156 2613 1202 2674 καλ
1219 2614 1262 2684 ξύν
1278 2615 1364 2674 οὐδενὶ
1378 2613 1472 2696 κόσμῳ
1493 2615 1539 2676 καὶ
1551 2619 1686 2695 λογισμῷ,
1701 2614 1831 2684 λαόόντες
1851 2608 1876 2675 τε
1915 2616 1916 2643 ³

1105 2708 1163 2783 μεθ’
1178 2707 1277 2764 ἑαυτῶν
1288 2704 1335 2764 καί
1348 2702 1408 2768 τοῦς
1422 2705 1517 2785 ἄνδρας
1531 2705 1577 2764 καί
1589 2713 1714 2784 γυναῖκας
1725 2706 1771 2763 καὶ
1784 2708 1878 2770 παῖδας

1106 2797 1158 2853 τῶν
1176 2792 1427 2874 προσχωρησάντων
1446 2793 1575 2873 ρρουρίων
1602 2793 1705 2866 αὐτοῖς,
1729 2792 1878 2874 ἀνήχθησαν

1107 2881 1158 2960 πρδ
1174 2887 1220 2940 τοῦ
1236 2881 1280 2940 τδν
1295 2881 1387 2940 στόλον
1401 2885 1447 2939 τοῦ
1464 2880 1594 2959 βασιλέως
1608 2890 1727 2962 κατᾶραι
1751 2884 1777 2947 ἐς
1797 2884 1879 2941 Μιτυ-

1104 2970 1204 3045 λήνην,
1232 2969 1367 3046 διάστημα
1390 2970 1454 3029 ώσεί
1478 2973 1553 3050 ὡρῶν
1582 2967 1667 3041 ὀκτὼ,
1701 2973 1737 3038 ὡς
1762 2971 1876 3048 λέγεται·

1107 3058 1155 3135 (ιι)
1182 3058 1380 3136 Μαχουμούτης
1401 3056 1429 3116 δέ
1443 3058 1598 3138 άρικόμενσς
1621 3061 1647 3124 ἐς
1660 3057 1819 3129 Μιτυλήνην
1836 3055 1877 3114 καὶ
1916 3018 1917 3091 ί

1106 3146 1196 3223 μαθὼν
1226 3145 1437 3227 προαναχθίντας
1461 3145 1513 3225 πρδ
1535 3145 1625 3224 όλίγου
1654 3146 1765 3219 αὐτοὺς,
1789 3144 1877 3203 ἐδίωκε
1916 3162 1917 3201 3

1105 3234 1175 3293 κατὰ
1188 3235 1319 3305 σπουδήν,
1334 3235 1381 3293 καὶ
1392 3234 1529 3311 γενόμενος
1544 3233 1587 3293 ἐπὶ
1597 3232 1730 3313 μετεώρου
1745 3234 1873 3307 πελάγιος,

1105 3321 1180 3397 μολις
1198 3328 1298 3401 καθορᾷ
1310 3321 1390 3388 αύτδις
1401 3320 1596 3400 προσισχούσας
1610 3344 1643 3399 τη
1666 3319 1779 3402 Λήμνῳ.
1798 3321 1873 3380 Ἄπο·

1102 3408 1179 3487 γνούς
1197 3400 1241 3468 οῦν
1255 3407 1304 3482 τήν
1313 3408 1413 3468 τούτων
1426 3407 1512 3477 δίωξιν
1525 3409 1657 3467 ἐπάνεισιν
1670 3409 1696 3477 ἐς
1711 3409 1874 3480 Μιτυλήνην,

1103 3497 1148 3555 καλ
1176 3496 1309 3574 διαγαγὼν
1330 3499 1441 3556 ἐνταῦθα
1457 3495 1558 3576 ήμίρας
1572 3495 1704 3575 τέσσαρας
1726 3498 1771 3555 καὶ
1793 3520 1877 3555 κατα-

1103 3584 1268 3662 στησόμενος
1276 3584 1309 3643 τὰ
1318 3586 1397 3645 αὐτοῦ
1406 3584 1494 3644 πάντα
1505 3587 1602 3654 καλῶς,
1611 3584 1657 3643 καὶ
1665 3585 1780 3664 ρρουρδιν
1786 3584 1876 3653 ἱκανήν

1102 3673 1148 3732 καλ
1169 3673 1238 3732 όπλα
1262 3672 1311 3732 καὶ
1335 3677 1406 3732 σῖτον
1425 3672 1508 3731 πολύν
1529 3673 1576 3732 καὶ
1589 3675 1658 3732 ἄλλα
1678 3672 1746 3731 άττα
1761 3671 1796 3730 τδι
1820 3672 1881 3750 πρὸς

1104 3760 1196 3843 χρείαν
1209 3767 1244 3836 τῇ
1259 3761 1336 3820 πόλει
1347 3760 1520 3833 καταλιπὼν,
1539 3761 1673 3821 ἐπάνεισιν
1692 3764 1718 3829 ἐς
1735 3760 1765 3819 τὸ
1781 3762 1881 3829 Βυζάν-

1104 3874 1179 3925 τιον,
1208 3850 1373 3930 φθινοπώρου
1394 3849 1527 3928 φθίνοντος
1553 3849 1621 3923 ήδη,
1646 3848 1693 3908 καὶ
1710 3850 1815 3908 διέλυσε
1839 3847 1880 3905 τόν

1104 3939 1208 3999 στόλον.
1225 3939 1278 4000 Καὶ
1293 3939 1411 4020 δεύτερον
1431 3940 1463 4011 δή
1478 3938 1525 3997 καὶ
1536 3937 1736 4013 ἑόδομηκοστδν
1750 3939 1809 4005 ίτος
1822 3936 1882 4015 πρὸς

1104 4032 1157 4095 τοῖς
1171 4027 1331 4094 ἐννακοσίοις
1339 4050 1368 4086 τε
1376 4026 1421 4086 καί
1434 4027 1620 4107 ἑξακισχιλίοις
1630 4034 1683 4094 τοῖς
1696 4024 1768 4093 όλοις
1779 4026 1881 4098 ήνύετυ,

1105 4121 1230 4197 τέταρτον
1249 4119 1276 4175 δέ
1292 4117 1337 4175 καί
1354 4116 1464 4176 δίκαιον
1478 4121 1526 4188 τής
1541 4120 1624 4197 ἀρχῆς
1638 4120 1678 4194 τῷ
1694 4119 1811 4195 βασιλεῖ.

268 4209 317 4270 καί
331 4218 413 4269 πᾶσιν
427 4200 466 4278 οἷς
481 4199 551 4289 εἶχεν
571 4208 716 4288 ἐξαρτύσας
729 4232 757 4267 τι
771 4209 816 4271 καλ
830 4207 940 4276 ὁπλίσας
956 4209 1052 4281 καλῶς,
1147 4206 1226 4266 VIII.
1242 4200 1335 4284 Ὤρθη
1352 4206 1380 4264 δὲ
1392 4202 1463 4264 κατὰ
1476 4204 1522 4272 τὰς
1537 4204 1617 4267 αὗτδιι
1630 4203 1733 4286 ἡμέρας
1749 4204 1797 4267 καί
1812 4204 1884 4282 τέρος

269 4296 436 4379 παραδίδωσι
456 4296 648 4376 Μαχουμούτει
662 4298 699 4375 τῷ
718 4294 804 4375 πασίρ
821 4294 865 4352 τὸν
878 4293 991 4364 στόλον,
1005 4315 1050 4351 κε·
1105 4316 1130 4351 τι
1145 4291 1269 4361 ἐξαίσιον.
1288 4282 1323 4353 ‘6
1347 4292 1397 4374 γὰρ
1415 4292 1507 4369 ήλιος,
1528 4290 1700 4371 μισημῦρίας
1715 4290 1798 4365 οὔσης
1821 4314 1884 4351 στα-

300 4474 356 4524 vll.
373 4475 449 4523 ιιεττ
467 4472 569 4521 Venetis
586 4485 626 4522 αα,
641 4475 702 4521 6972
720 4473 802 4534 gestas
814 4469 882 4519 hisco
903 4468 1090 4533 υυωρισιιοαθίι
1111 4469 1245 4519 Phrantzes
1266 4485 1290 4534 p.
1304 4474 1361 4532 4¹5,
1378 4478 1393 4519 υ
1410 4473 1470 4534 :m
1489 4471 1515 4520 δι
1525 4471 1613 4533 ,ςήοθ
1627 4471 1673 4519 ιττι
1689 4472 1829 4534 παρελαθιν
1845 4471 1884 4523 τὴν

269 4545 439 4609 Μονεμθασίαν
459 4548 482 4595 οἱ
499 4543 605 4602 Ἐνετολ,
625 4545 654 4593 ού
672 4548 773 4592 τοσοῦτο
787 4543 879 4599 θελήσει
893 4543 933 4591 καὶ
952 4542 1031 4604 χάριτι
1047 4545 1089 4591 τοῦ
1111 4542 1257 4604 κυριεύοντος
1273 4543 1346 4602 αὐτήν
1362 4542 1420 4592 ὁσυν
1440 4541 1569 4605 δινινρελείᾳ
1591 4546 1634 4590 τοῦ
1656 4544 1842 4605 ἡγεμονεύοντος
1864 4544 1885 4586 ἐν

268 4620 329 4682 αὐτῇ
347 4619 473 4682 ἄρχοντος·
487 4617 569 4677 ὥσπερ
583 4615 612 4673 δή
629 4614 716 4674 ὁμοίως
726 4613 855 4678 ἀνωρτλεία
868 4614 909 4663 καὶ
923 4612 1059 4674 ἀτυχίᾳτοῦ
1075 4612 1189 4675 ἡγεμόνος
1202 4617 1243 4671 τῆς
1256 4613 1352 4672 Λήμνου
1365 4613 1485 4676 πολίχνιον
1495 4614 1521 4660 τό
1532 4610 1659 4673 λεγόμενον
1681 4613 1881 4674 Παλαιόκαστρυν

269 4691 361 4748 ἐκλόπη
377 4692 464 4749 μᾶλλον
483 4686 548 4750 παρὰ
564 4691 611 4734 τῶν
625 4686 650 4735 ἐν
667 4686 733 4747 αὐτῷ
748 4685 868 4750 τυχόντων
883 4686 952 4740 ξένων
963 4686 1004 4732 καί
1016 4683 1084 4741 ἐδόθη
1095 4691 1125 4746 τή
1146 4684 1254 4747 αὐθεντίορ
1265 4689 1312 4733 τῶν
1332 4683 1444 4736 Ἐνετῶν,
1459 4684 1499 4732 καὶ
1522 4684 1545 4737 ἐξ
1563 4684 1636 4732 αὐτοῦ
1649 4679 1735 4742 (δήλου
1759 4688 1804 4734 τοῦ
1821 4684 1887 4731 πολι·

269 4760 354 4823 χνίον)
368 4761 465 4810 ἅπασαν
480 4760 522 4814 τήν
536 4762 608 4814 νήσον
621 4756 786 4818 ἐκληρώσαντο
798 4755 848 4817 (Cf.
866 4755 950 4805 Chalc.
962 4753 987 4816 )‚
1002 4755 1061 4806 ἀλλὰ
1076 4756 1117 4804 καὶ
1130 4757 1162 4810 εἷς
1180 4756 1221 4813 τήν
1233 4756 1324 4804 Λέσόον
1336 4752 1474 4809 ἀπελθόντος
1487 4754 1560 4804 αὐτοῦ
1576 4755 1604 4811 δή
1621 4758 1663 4802 τοῦ
1677 4755 1833 4815 Λαυρτδτνοῡ
1847 4750 1885 4800 καί

270 4831 446 4892 πολεμήσαντος
460 4830 548 4887 αὐτὴν,
561 4828 605 4877 οὐκ
614 4828 697 4889 ἔπραξέ
708 4844 730 4876 τι
747 4829 786 4876 καὶ
806 4827 954 4890 ἀνεχώρησεν
968 4825 1093 4888 ἁπρακτος.
1108 4824 1228 4875 Uberi0m
1242 4823 1292 4874 vid.
1305 4824 1332 4874 ίιι
1351 4825 1456 4874 tenera
1467 4821 1531 4873 d'tm
1544 4825 1698 4885 εσρνσθιινίο,
1720 4827 1769 4873 etc.
1790 4838 1815 4887 μ.
1833 4826 1885 4872 223.

269 4904 336 4953 Mar.
352 4904 479 4963 sanutop.
496 4901 565 4955 1179,
577 4897 722 4948 Seadeddiu.
739 4910 764 4960 p.
780 4901 834 4947 22³.
855 4897 894 4947 Cf.
907 4898 1023 4945 hammer
1034 4909 1058 4958 p.
1075 4893 1255 4953 83‚Zi11keisen
1273 4907 1297 4956 p.
1308 4898 1362 4944 305.
1377 4894 1387 4956 ΙΙ
1408 4891 1463 4956 -§
1477 4898 1498 4942 1.
1509 4893 1612 4957 τριήρεσι
1629 4891 1665 4957 τ’]
1684 4893 1739 4942 Sec.
1757 4892 1887 4957 opimum

271 4971 396 5025 laudatum
415 4972 518 5020 οτετιιιτ
527 4967 694 5028 summanus,
714 4970 865 5019 venetorum
878 4965 1032 5025 navarchus,
1047 4979 1105 5015 cum
1116 4968 1146 5014 ιι
1158 4964 1247 5027 galeris
1262 4961 1371 5016 Lesbum
1381 4962 1448 5011 νειύι
1462 4974 1541 5011 τηεσε.
1552 4962 1644 5025 Aprilis
1655 4976 1694 5012 ιιι.
1713 4966 1784 5024 1464,
1804 4961 1887 5024 ibique

270 5043 403 5105 Mitylenen
417 5054 460 5105 per
478 5053 520 5090 εοτ
534 5038 683 5103 εοριίιατιιεε
700 5037 1006 5100 υθεεθίι,1ταθοιανυτο,
1020 5035 1165 5086 εθνοαίοειιο
1183 5034 1343 5084 ιιοοιιυιυυιε
1354 5046 1412 5083 cum
1425 5031 1505 5082 classe
1520 5033 1623 5082 navium
1642 5038 1686 5083 150
1711 5033 1837 5095 (quarum
1855 5033 1886 5079 ιο

270 5112 384 5163 trimma
403 5112 501 5171 erant),
516 5110 542 5159 in
556 5109 674 5159 Euboeam
688 5109 798 5160 reoessit.
813 5109 824 5171 ΙΙ
842 5133 874 5146 -··
883 5106 992 5171 μεγάλαις
1001 5109 1027 5158 εί
1038 5119 1097 5157 mox
1108 5119 1132 5155 v.
1144 5106 1216 5163 ἀλλην
1229 5103 1286 5154 add.
1297 5116 1390 5167 mmo.
1409 5104 1420 5166 ΙΙ
1434 5129 1466 5141 -
1476 5103 1491 5165 §
1502 5106 1525 5152 θ.
1540 5102 1672 5167 λήψεσθαι]
1688 5116 1783 5166 margo,
1799 5104 1886 5167 χτιρῶ·

271 5185 358 5232 σασθαι
371 5184 433 5235 θειί.
453 5181 464 5243 ΙΙ
482 5205 508 5215 -
522 5180 570 5244 §I
584 5180 741 5244 ε’ξειαύλιζον]
755 5183 770 5239 ή
783 5181 886 5230 ἀνέκλων
897 5190 961 5240 lngo.
977 5177 987 5239 II
998 5202 1030 5215 -·
1041 5176 1057 5241 §
1069 5183 1091 5227 5.
1104 5180 1150 5225 τῶν
1161 5173 1303 5238 βασιλείων]
1318 5186 1418 5235 margo,
1434 5179 1481 5222 τῶν
1491 5173 1554 5228 ίντός
1568 5177 1632 5226 text.
1665 5174 1675 5237 Ι]
1689 5200 1722 5210 -
1736 5172 1751 5236 §
1775 5182 1801 5224 ὓ.
1817 5170 1885 5235 μεγὶ·

272 5251 352 5316 στοις]
370 5253 426 5304 αδδ,
440 5265 533 5315 margo.
552 5251 563 5315 ΙΙ
579 5278 611 5290 -
625 5252 640 5315 §
654 5256 677 5303 7.
692 5250 899 5313 όςκατασκοπήν]
916 5261 1017 5312 margo,
1029 5251 1069 5298 καὶ
1086 5251 1284 5301 κατασκοποῦσαν
1298 5249 1358 5300 text.
1374 5246 1385 5307 ΙΙ
1401 5270 1433 5282 -
1444 5248 1484 5293 ἶνα
1502 5245 1534 5305 μή
1553 5245 1669 5303 ἔκπυστος
1685 5249 1733 5295 etc.
1752 5258 1835 5308 usque
1856 5241 1888 5294 ad

273 5340 289 5384 χ
302 5321 437 5388 ηααμινος]
449 5320 507 5371 add.
520 5331 585 5384 tngo.
601 5322 614 5384 ΙΙ
629 5347 660 5359 -
675 5323 740 5385 §10.
753 5328 782 5386 τῇ
793 5322 866 5384 ἂγγιλ
877 5320 907 5387 ρ]
918 5321 975 5371 add.
986 5334 1080 5385 margo.
1095 5319 1106 5383 ΙΙ
1120 5344 1152 5357 -
1167 5317 1182 5382 §
1196 5322 1232 5368 11.
1245 5315 1366 5381 δεύτερον]
1377 5315 1463 5367 Ιύιοτιυ
1478 5316 1557 5379 θεύττρ
1570 5315 1596 5366 iu
1606 5329 1694 5367 rasura
1705 5316 1815 5379 scripta).

305 5392 373 5441 vlll.
389 5391 404 5453 §
420 5397 441 5440 1.
456 5390 640 5456 ῶρθημοατμυ,
651 5394 721 5455 ἐφάνη
733 5395 795 5444 text.
814 5392 825 5458 ΙΙ
839 5419 870 5430 -
882 5391 1035 5457 ρεταὸαὶὼν]
1048 5390 1105 5441 add.
1118 5402 1208 5454 margo.
