3842 6036
846 750 1285 846 ΚΡΙΤΟΒΟΥΛΟΥ

749 1004 980 1063 ΞΥΓΓΡΑΦΗΣ
1005 1002 1190 1063 ΙΣΤΟΡΙΩΝ
1211 1003 1387 1062 ΠΕΜΠΤΗ.

943 1196 1207 1224 w

261 1403 368 1463 Περιέχει
383 1400 425 1457 ήθι
443 1397 484 1448 τόν
501 1415 528 1446 τε
546 1399 648 1461 πόλιμσν
660 1401 760 1449 Ενετῶν
774 1416 815 1449 και
806 1401 900 1461 τὴνές
918 1400 1005 1464 Βόστρ
1000 1421 1036 1459 υς

291 1473 398 1537 δευτέραν
409 1471 553 1557 πφοσθολην
552 1476 594 1519 τοῦ
609 1472 736 1534 βασιὶὲως,
750 1471 785 1520 δτι
796 1472 823 1520 δὲ
837 1471 915 1519 καὶ
889 1488 932 1529 την
944 1472 967 1529 ές
986 1473 1031 1522 Ἰλ-

290 1545 380 1607 λιμοὺς
390 1543 649 1606 πρώτηνιιαὶθεντέραν
658 1542 807 1606 ἐκστρατείαν
818 1544 984 1605 τοῠβασιλέως
995 1544 1035 1592 καὶ

290 1615 322 1670 ὡς
333 1612 468 1673 θπηγάγιτσ
478 1611 565 1668 ταύτην
574 1613 614 1659 καί
622 1610 690 1660 πόλιν
700 1611 813 1675 δτιίχισιν
822 1612 847 1661 έν
855 1612 924 1676 αὐτῇ.
944 1610 1035 1675 Χρόνου

259 1676 264 1683 “
288 1684 374 1742 πλῆθος
389 1683 430 1739 ἐτη
443 1682 556 1744 τέσσαρα.

298 1841 497 1924 Μαχουμαότης
535 1841 562 1901 δὲ
584 1842 740 1922 ἀφικόμενος
767 1845 793 1910 ές
825 1843 1031 1917 Πελοπόννησον

258 1930 492 2007 στρατοπεδεύεται
508 1931 583 1997 διττὸς
597 1935 643 1989 τοῦ
658 1930 764 2008 Ἰσθμοῦ
785 1929 850 2011 πρὸς
869 1955 902 2012 τη
917 1934 1035 2014 ύπωρεια

257 2023 304 2085 τοῦ
329 2020 504 2097 Κιθαιρῶνος,
515 2018 561 2077 καί
578 2017 686 2094 πέμψας
699 2018 808 2097 άγγιλον
820 2018 907 2099 κρύφα
918 2024 1033 2080 κοινολο-

257 2108 343 2182 γτῖται
359 2105 478 2185 Ἀμάρῃ,
501 2107 587 2178 δηλῶν
606 2110 702 2178 τετήν
724 2108 802 2166 αὐτοῦ
824 2106 909 2187 ἄφιξιν
927 2108 1021 2168 καὶ
987 2133 1034 2180 της

258 2202 381 2271 στρατιᾶς
399 2193 445 2252 καὶ
468 2194 658 2272 πυνθανόμενος
678 2194 712 2253 τά
725 2196 752 2255 δν
772 2198 810 2275 τῷ
828 2195 928 2275 Ἰσθμῷ
946 2197 1034 2256 πάντα

258 2281 351 2340 καλτδι
373 2284 425 2340 τῶν
440 2282 574 2360 πολεμίων
587 2287 622 2350 ῶς
643 2283 709 2362 ἔχει.
736 2283 788 2342 Καὶ
811 2283 961 2361 ξυνθέμενοι
985 2283 1033 2355 τήν

257 2368 372 2428 ἐπίθεσιν
391 2371 417 2437 ἐς
433 2370 534 2450 ἡμέραν
550 2370 631 2453 ῥητήν
647 2372 714 2448 μετά
735 2395 765 2450 γε
790 2371 953 2448 ξυνθήματος
967 2372 1034 2444 ήσύ-

257 2461 349 2535 χαζσν.
393 2460 430 2539 (ν)
445 2459 548 2519 Ἐνετοὶ
560 2458 587 2516 δὲ
599 2460 700 2537 σπουδῇ
710 2482 739 2518 τε
750 2462 837 2537 πολλῇ
846 2462 891 2519 καὶ
901 2461 1032 2542 προθυμία

256 2545 302 2603 καί
316 2548 468 2629 πολυχειρ
445 2548 473 2607 tu
429 2571 521 2626 χ
508 2547 619 2626 ρώμενοι
633 2550 659 2615 ές
669 2548 699 2605 τὸ
715 2548 800 2627 ἔργον,
816 2548 955 2607 ἐπετέλουν
969 2550 1033 2608 αύτὸ

256 2634 370 2739 ταχέως·
390 2635 487 2695 καλ
458 2658 509 2716 γαρ
533 2604 652 2693 ἀπαν
628 2658 658 2693 το
684 2637 770 2746 τεῖχος
795 2635 939 2709 δξήνυσαν,
961 2635 1031 2709 πλήν

256 2726 334 2812 τριῶν
357 2719 375 2793 ἢ
398 2724 530 2836 τεττάρων
555 2722 732 2795 σταδίων,ι’
707 2747 735 2783 σν
757 2723 845 2800 μέντοι
865 2746 895 2801 γε
917 2727 943 2791 ἐς
970 2723 1032 2805 ὕψος

255 2803 343 2869 ἱκανὸν
360 2803 427 2890 ήραν
451 2812 528 2885 αὐτὸ,
542 2814 601 2870 ἀλλ’
615 2812 675 2873 ὁσον
691 2814 721 2871 έιι
736 2811 829 2871 τούτου
845 2813 1032 2893 ἀπομάχεσθαι

258 2901 390 2979 ἀσφαλῶς.
406 2900 454 2960 Ἐν
473 2900 592 2980 τούτῳδ
594 2897 735 2978 εἈμάρης
749 2900 840 2980 καιρὸν
866 2900 983 2979 φυλάξας
1006 2903 1031 2969 ἐς

259 2987 389 3060 ι’πίθεσιν,
412 2987 585 3065 σημαίνει
550 3012 589 3068 τῳ
610 2985 815 3067 Μαχσυμούτει,
840 2989 886 3047 καὶ
902 2988 955 3046 ἀπὸ
976 2989 1031 3056 ἑνος

255 3073 415 3152 ξυνθήματος
429 3075 586 3157 ὁρμηθέντες
597 3076 677 3156 ἄμφω
690 3077 887 3157 προσθάλλονσι
899 3080 1017 3155 τῷα
952 3100 1029 3156 στρα-

255 3165 358 3243 τοπέδῳ
369 3168 422 3223 τῶν
434 3164 583 3237 πολεμίοιν,
599 3167 613 3221 ὁ
628 3164 676 3240 μὲν
689 3164 773 3236 ἐντὸς,
786 3169 800 3223 ὁ
814 3164 843 3223 δέ
856 3165 930 3231 έκτδς
944 3164 1029 3223 έπιθέ-

255 3273 340 3328 μενοι,
353 3256 403 3330 βοῇ
414 3275 443 3310 τε
459 3253 546 3330 πολλῇ
562 3252 607 3309 καὶ
622 3256 725 3331 κραυγῇ
740 3252 784 3309 καλ
800 3255 949 3331 ἀλαλαγμῷ
960 3276 1029 3333 χρω

255 3338 340 3413 μένων
361 3342 412 3397 τῶν
439 3342 620 3418 στρατιωτῶν·
641 3338 687 3396 καὶ
711 3338 811 3415 γίνεται
832 3336 904 3416 ἀγὼν
919 3342 1028 3397 ἐνταῦθα

255 3425 338 3502 μέγας
357 3428 403 3486 καί
425 3428 539 3502 ὠθισμὸς
552 3427 598 3486 καί
613 3425 688 3507 μάχη
704 3424 820 3507 καρτερὰ
835 3425 961 3494 ξυσταδὸν
983 3425 1029 3485 καὶ

256 3512 332 3589 φόνος
356 3513 455 3581 πολύς·
480 3516 507 3572 έν
526 3507 652 3593 ᾖμικρδν
671 3514 719 3590 μὲν
738 3516 832 3593 χρόνον
853 3514 981 3594 ἀντέσχον
1004 3520 1028 3574 σί

254 3603 357 3663 Ἐνετσί
380 3601 516 3680 δεξάμενοι
538 3602 599 3670 τοὺς
620 3603 749 3676 ὁπλίτας,
772 3601 864 3661 ἔπειτα
886 3603 1027 3681 τραπέντες

254 3690 361 3769 ἔφιυγον
376 3691 426 3750 ἀνὸι
436 3691 530 3771 κράτος
541 3692 663 3757 ἀτάκτως
677 3714 705 3748 τε
717 3691 762 3750 καί
774 3689 816 3758 ξὺν
827 3692 911 3750 οὐδενὶ
924 3693 1026 3772 κόσμῳ,

253 3782 276 3836 σί
291 3780 318 3839 δὲ
333 3782 438 3839 ὁπλῖται
462 3779 596 3839 ἐπέκειντο
618 3778 759 3845 κτείνοντες
774 3780 885 3859 ἀφειδῶς
905 3780 951 3838 καὶ
975 3784 1028 3848 ζω-

252 3872 371 3944 γροῦντες
385 3876 465 3949 σφᾶς,
481 3867 529 3934 ἕως
552 3867 674 3949 ἀφίκοντο
695 3869 720 3934 ἐς
733 3865 780 3939 τήν
797 3866 932 3928 θάλασσάν
946 3870 1029 3929 τεκαὶ

253 3960 298 4023 τὰς
317 3965 389 4025 ναῦς.
435 3961 468 4034 (a)
481 3958 612 4017 Ἐνταῦθα
628 3957 659 4027 δὴ
674 3957 718 4036 βία
740 3981 768 4015 τε
781 3959 866 4034 πολλῇ
887 3960 933 4016 καὶ
953 3959 1029 4035 μόγις

253 4044 378 4112 iotanae<
398 4049 423 4113 ἐς
444 4044 490 4111 τάς
512 4045 625 4123 τριήρεις
644 4047 668 4103 σί
688 4045 789 4105 Ἐνετοὶ
809 4045 963 4125 ἀνήχθησαν
983 4048 1027 4104 ἐπὶ

253 4132 385 4209 μετεώρου
410 4134 501 4212 μικρὸν
525 4134 771 4213 ἀνακιιχεύσαντες,
794 4132 853 4193 ὅσον
877 4135 952 4203 ἐκτὸς
983 4134 1026 4213 βέ-

252 4221 312 4285 λους
326 4212 407 4292 εἶναι,
423 4222 469 4279 καί
491 4222 611 4300 ἐδέχοντο
638 4221 698 4288 τοὺς
720 4221 773 4279 ἀπὸ
791 4221 925 4293 θαλάσσης
947 4244 1027 4300 νηχσ·

1095 1400 1201 1476 μένους·
1222 1398 1314 1459 πολλοὶ
1329 1397 1382 1479 γδρ
1404 1398 1582 1479 βιαζόμενοι
1572 1399 1623 1458 uno
1645 1402 1699 1458 τῶν
1713 1398 1867 1478 πολεμίων,

1092 1488 1226 1571 ῥίπτοντες
1239 1487 1274 1545 τὰ
1288 1486 1359 1546 ὅπλα
1382 1486 1518 1546 ἔπιπτσν’
1506 1511 1531 1554 ες
1551 1487 1599 1557 τήν
1623 1486 1778 1567 θάλασσαν,
1799 1491 1868 1549 otti

1091 1601 1136 1635 και
1126 1575 1194 1645 ξὺν
1212 1576 1316 1649 ὅπλοις,
1332 1573 1377 1633 καὶ
1400 1573 1563 1654 ἀπενήχοντο
1580 1575 1648 1633 σί
1619 1599 1666 1650 μεν
1687 1578 1712 1642 ἐς
1724 1576 1771 1644 τθις
1789 1602 1869 1651 ναυς,

1091 1667 1115 1724 οἱ
1137 1663 1226 1724 δὲκαὶ
1247 1663 1424 1743 ἀπεπνίγοντο
1449 1665 1526 1748 βάρει
1540 1666 1593 1721 τῶν
1607 1663 1708 1725 ὅπλων.
1727 1664 1869 1727 Ἀπέθανον

1091 1751 1119 1811 δέ
1132 1753 1158 1812 έν
1177 1758 1210 1832 τῇ
1231 1752 1306 1831 μάχη
1326 1754 1425 1824 πλῆθος
1440 1752 1508 1810 πολὺ
1526 1755 1578 1811 τῶν
1599 1755 1753 1831 πολεμίων,
1779 1758 1869 1816 ἀστῶν

1090 1865 1118 1901 τε
1137 1841 1183 1901 καὶ
1207 1840 1301 1910 ξένων,
1315 1840 1360 1899 καὶ
1377 1839 1455 1907 αιἰτὸς
1469 1843 1484 1899 ὁ
1498 1842 1659 1920 στρατηγὸς,
1683 1839 1751 1923 ἀνὴρ
1768 1843 1870 1920 ἀγαθὸς

1090 1930 1240 2039 γινόμενρς,
1259 1928 1411 2010 ἐλήφθησαν
1434 1928 1461 1986 δὲ
1479 1927 1524 1987 καί
1537 1930 1632 1996 ζῶντες
1645 1929 1726 2009 δλίγιι
1741 1930 1871 1998 ἐλάσσους

1089 2017 1256 2096 τριακοσίων
1300 2017 1335 2096 (ε)
1349 2017 1409 2077 Οίδ
1395 2015 1466 2087 δήὲδ
1450 2015 1638 2121 ἡστρατιῶται
1651 2017 1863 2094 διαρπάζουσι
1838 2043 1871 2080 το

1090 2107 1263 2184 στρατόπεδον
1281 2104 1352 2165 δλον.
1373 2104 1475 2183 Εύρέθη
1497 2104 1525 2163 δέ
1542 2095 1614 2163 ἐν
1585 2107 1686 2162 αυτῶ
1678 2104 1809 2184 χρήματά
1838 2132 1868 2166 τε

1088 2193 1175 2252 πολλὰ
1195 2194 1240 2251 καὶ
1258 2192 1359 2251 ἔπιπλα
1375 2193 1421 2251 καί
1446 2192 1594 2269 ἐκπώματα
1609 2164 1654 2252 καί
1676 2194 1745 2266 άλλη
1764 2219 1805 2261 τις
1819 2198 1869 2256 οὐκ

1089 2281 1165 2360 ὀλίγη
1180 2281 1315 2353 ἀποσκευή
1330 2304 1358 2340 τε
1377 2305 1422 2340 και
1439 2282 1536 2361 χρεία,
1554 2280 1654 2362 ἐλήφθη
1673 2280 1701 2341 δέ
1726 2285 1772 2343 καί
1794 2284 1869 2343 ὁπλα

1089 2370 1195 2443 πολλὰ,
1210 2368 1244 2428 τὰ
1261 2369 1309 2447 μίν
1329 2368 1382 2427 ἀπὸ
1404 2370 1507 2428 σκύλων
1527 2373 1580 2429 τῶν
1594 2370 1757 2448 νεκρῶν,τά
1778 2373 1872 2432 δὲκαὶ

1090 2457 1270 2535 ἀποκείμενα,
1282 2456 1327 2516 καὶ
1340 2457 1460 2537 μηχαναί
1475 2461 1597 2516 παντοῖαι
1609 2457 1655 2517 καὶ
1675 2456 1723 2516 ὅσα
1739 2465 1869 2522 τοιαῦτα.

1128 2547 1166 2605 H.
1188 2543 1373 2624 Μαχαμσύτης
1399 2543 1427 2603 δέ
1453 2545 1520 2622 μετὰ
1549 2551 1626 2603 τοῦτο
1651 2544 1791 2607 ἀναλαόὼν
1816 2548 1871 2619 τήν

1089 2632 1211 2741 στρατιάν
1222 2633 1317 2692 έσεισιν
1331 2634 1355 2700 ές
1369 2632 1416 2706 τήν
1430 2632 1568 2710 μεσόγειαν
1580 2632 1780 2703 Πελοποννήσου
1795 2637 1870 2712 μετὰ

1087 2746 1132 2781 του
1152 2721 1278 2801 ’λμάρεσς
1292 2719 1336 2779 ἐπὶ
1359 2722 1393 2780 τά
1413 2722 1567 2780 ἀποστάντα
1591 2725 1642 2781 τῶν
1664 2720 1795 2802 φρουρίων
1818 2726 1868 2784 καὶ

1086 2808 1147 2877 τους
1161 2810 1247 2876 άλλως
1263 2809 1477 2888 νεωτερήσαντας
1494 2811 1716 2881 Πελοποννησίων
1731 2811 1778 2869 καὶ
1791 2813 1819 2871 ἐν
1832 2816 1863 2872 σθ

1087 2899 1196 2963 πολλαῖς
1219 2896 1331 2977 ἡμέραις
1358 2903 1494 2978 χειροῦται
1519 2898 1554 2957 τά
1584 2921 1613 2957 τε
1635 2899 1745 2981 φρούρια
1766 2901 1814 2959 καὶ
1833 2902 1868 2961 τά

1086 2985 1155 3043 ἀλλα
1178 2983 1284 3057 πάντα,
1309 2983 1342 3043 τά
1358 2984 1405 3062 μέν
1435 2985 1481 3066 βία
1501 2994 1555 3052 τοῖς
1576 2987 1724 3059 ὁπλονς,·
1708 2985 1742 3046 τδι
1771 2989 1800 3047 δὲ
1822 2992 1869 3049 καὶ

1086 3076 1171 3130 πειθοῖ
1182 3072 1388 3153 προσαγόμενος.
1432 3074 1465 3149 (a)
1490 3072 1607 3132 Μετὸδε
1596 3096 1680 3133 τουτ
1681 3097 1696 3132 o
1715 3078 1866 3155 ἀφικνεῖται

1085 3161 1111 3225 ἐς
1125 3157 1233 3271 Ἄργος,
1249 3162 1373 3219 πόλιν
1339 3183 1390 3217 των
1410 3152 1542 3233 Ενετῶν,
1558 3160 1602 3219 καὶ
1625 3163 1864 3240 στρατοπεδεύεται

1087 3247 1139 3325 πρὸ
1150 3254 1195 3308 τοῦ
1214 3248 1276 3308 άστε
1265 3271 1319 3319 σς,
1335 3246 1381 3306 καὶ
1401 3247 1544 3355 προσφέρει
1559 3249 1650 3359 λόγους
1670 3257 1724 3316 τοῖς
1743 3253 1769 3309 ἐν
1791 3254 1865 3333 αὐτῷ

1085 3336 1145 3415 περὶ
1163 3337 1287 3403 ἐνδόσεως
1304 3340 1403 3395 ἑαυτῶν
1419 3358 1448 3394 τε
1468 3335 1514 3395 καί
1530 3341 1577 3395 τοῦ
1590 3337 1691 3404 άστεος.
1707 3340 1742 3398 Oi
1760 3338 1789 3396 δὲ
1807 3338 1864 3420 ’Ap-

1085 3425 1152 3501 γεῖοι
1162 3428 1272 3503 ὁρῶντες
1286 3423 1315 3481 τό
1325 3447 1353 3483 τε
1361 3426 1459 3493 πλῆθος
1469 3427 1514 3494 τῆς
1528 3432 1652 3500 στρατιᾶς
1663 3425 1865 3505 περιστοιχίσαν

1084 3510 1131 3581 τήν
1140 3512 1216 3569 πόλιν
1226 3511 1325 3592 κύκλῳ,
1334 3511 1400 3571 τότε
1408 3513 1481 3588 σφῶν
1491 3514 1578 3589 τεῖχος
1590 3509 1695 3576 ἀσθενὲς
1705 3511 1750 3569 καὶ
1763 3513 1865 3589 ἐπίμα-

1083 3623 1129 3677 χσν
1141 3598 1212 3673 ὅλον,
1224 3599 1374 3679 ἐπικουρίαν
1389 3623 1418 3659 τε
1435 3599 1566 3677 μηδεμίαν
1583 3597 1661 3658 ποθέν
1685 3600 1703 3670 ἢ
1719 3598 1824 3679 ἔχοντες
1846 3602 1863 3673 ἦ

1083 3689 1149 3755 ὅλως
1162 3687 1228 3755 ἕξειν
1243 3689 1405 3764 ἐλπίζοντες,
1422 3689 1459 3764 μή
1472 3693 1502 3748 ἐκ
1519 3688 1671 3766 προσόολῆς
1685 3689 1731 3767 βίᾳ
1741 3691 1863 3769 ληφθῶσι

1084 3781 1138 3845 τοῖς
1168 3776 1259 3845 ὅπλοις
1279 3778 1325 3836 καί
1358 3778 1524 3848 ἀπόλωνται,
1552 3778 1745 3855 παραδιδόασιν
1773 3778 1862 3859 ἀμαχὶ

1085 3866 1193 3933 ἑαυτούς
1215 3891 1242 3926 τε
1263 3868 1309 3927 καὶ
1326 3866 1373 3940 τήν
1394 3869 1470 3926 πολιν
1491 3864 1697 3945 Μαχσυμούςει,
1720 3867 1754 3926 τά
1779 3871 1862 3930 πιστὰ

1083 3955 1220 4021 λαθόντες.
1266 3957 1299 4033 (a)
1315 3953 1349 4015 ‘0
1365 3952 1393 4013 δὲ
1406 3954 1506 4022 πάντας
1525 3953 1617 4021 αύτούς
1634 3955 1765 4027 ἀπσικίζει
1784 3959 1811 4024 ές
1831 3957 1862 4016 τὸ

1084 4044 1225 4113 Βυζάντιον
1242 4042 1285 4112 ξδν
1296 4043 1398 4124 γυναιξὶ
1413 4045 1458 4103 καὶ
1472 4044 1571 4110 τέκνοις
1582 4044 1628 4102 καὶ
1642 4053 1695 4111 τοῖς
1709 4045 1859 4125 ὑπάρχουσι

1084 4142 1149 4193 πᾶσι
1157 4137 1208 4200 σῶς
1222 4133 1268 4191 καί
1277 4134 1366 4191 κακῶν
1378 4134 1499 4208 ἀπαθεῖς,
1513 4133 1561 4204 τήν
1571 4132 1597 4190 δὲ
1607 4134 1683 4193 πολιν
1698 4133 1861 4215 κατέσκαψε.

1084 4223 1244 4298 Διαθέμενος
1266 4219 1293 4279 δὲ
1308 4220 1341 4278 τὸι
1354 4223 1380 4279 έν
1402 4221 1598 4303 Πελοποννήσῳ
1617 4222 1706 4281 πάντα
1725 4226 1813 4291 καλῶς
1832 4249 1861 4284 τε

282 4477 303 4525 1.
320 4475 391 4533 Quod
407 4475 432 4524 in
448 4488 503 4538 sqq.
518 4479 632 4525 narratur
644 4474 677 4526 de
685 4478 775 4526 ornare
791 4478 817 4526 ot
828 4476 986 4526 Maeirumute
1003 4474 1029 4524 in
1049 4476 1144 4525 Isthmo
1165 4476 1281 4539 utrinque
1293 4478 1401 4525 Venetos
1421 4475 1494 4526 sinaul
1512 4475 1606 4526 adortis
1620 4478 1647 4525 et
1659 4476 1710 4525 acri
1727 4476 1815 4540 praelio
1834 4478 1858 4526 iu

251 4559 328 4596 naues
348 4545 535 4609 repellentibus,
552 4550 720 4596 commentum
741 4546 867 4609 scriptoris
880 4559 934 4597 esse
953 4545 1059 4604 videtur.
1085 4550 1114 4596 ut
1127 4560 1140 4596 e
1155 4547 1244 4596 ceteris
1261 4547 1369 4597 testibus
1383 4546 1491 4611 colligas.
1512 4546 1600 4597 Veneti
1624 4546 1775 4597 Corinthum
1790 4547 1857 4599 obsi·

252 4616 338 4667 dentes
350 4616 436 4681 proelio
450 4616 565 4666 Octobris
580 4617 620 4667 die
634 4617 751 4667 rioesirno
762 4617 892 4667 commisso
907 4618 1029 4680 insignem
1042 4617 1136 4668 cladem
1150 4620 1216 4681 passi
1236 4621 1305 4668 erant
1323 4618 1447 4681 simulque
1465 4617 1645 4681 intempestiuae
1659 4616 1752 4669 hiemis
1768 4619 1858 4683 frigore

252 4687 409 4738 acerbissimo
420 4688 484 4737 maie
497 4687 676 4737 afficiebantur.
690 4689 776 4752 ltaque
790 4688 870 4739 soluta
880 4689 1006 4740 obsidione
1025 4688 1114 4752 partim
1126 4689 1173 4740 sub
1184 4688 1272 4739 Isthmi
1294 4700 1407 4746 murum
1427 4689 1515 4752 partim
1525 4689 1653 4751 Nauplion
1665 4702 1693 4738 se
1704 4695 1856 4752 receperunt.

251 4756 398 4821 Deindeffl.
410 4761 500 4809 snos.
506 4757 515 4819 )
530 4769 607 4822 quum
626 4759 728 4809 nuntius
741 4759 874 4808 afferretur
894 4759 925 4808 de
944 4759 1050 4809 instante
1068 4758 1236 4807 Machumntis
1251 4758 1373 4815 adventu,
1387 4758 1462 4808 etiam
1478 4759 1614 4817 lutrinum,
1637 4757 1733 4807 relictis
1751 4758 1856 4822 impedi·

251 4829 352 4887 mentis
366 4829 528 4881 deseruerunt
548 4832 573 4879 et
585 4834 609 4878 tn
627 4843 701 4880 naves
716 4830 878 4893 aufugerunt,
893 4830 954 4879 adeo
967 4835 995 4880 ut
1013 4829 1186 4879 Maehumutes
1196 4843 1296 4879 murum
1310 4827 1482 4926 defensoribus
1499 4842 1606 4879 saeuum
1624 4827 1755 4879 offendens
1765 4829 1857 4893 absque

251 4899 359 4962 ρνσιιίοΙ
353 4914 378 4950 ιιι
392 4902 587 4964 Peloponnesum
599 4900 715 4951 inuadere
730 4904 821 4965 posset

282 4972 335 5034 §t
350 4973 490 5035 Κιθαιρῶνος
496 4971 554 5035 ilie
566 4972 652 5023 struere
664 4972 828 5022 ilaehumuiis
841 4972 913 5036 plura
924 4971 1001 5023 habes
1012 4986 1051 5036 ap
1059 4970 1142 5022 Chalc.
1153 4985 1178 5036 p.
1190 4972 1270 5035 560.ss
1280 4971 1364 5035 —.§2
1378 4978 1436 5022 eae·
1428 4972 1451 5036 ]
1465 4930 1522 5022 add
1531 4985 1595 5035 ungo.
1603 4970 1657 5034 ΙΙ-
1664 4969 1713 5034 §3.
1725 4973 1748 5019 ot
1767 4973 1853 5021 Ἑνιτοὶ

251 5041 278 5089 et
288 5041 376 5093 deiude
390 5043 595 5105 ἂναιωχευσαντες
613 5046 638 5092 et
649 5042 713 5105 βάρει
725 5050 772 5091 τῶν
785 5041 864 5093 ὃπλων
879 5042 937 5093 add.
949 5058 1014 5108 rugo.

283 5113 316 5160 ll.
334 5112 349 5171 θ
365 5120 386 5161 1.
401 5114 441 5168 Ἐς
454 5115 496 5172 τὴν
507 5113 631 5174 μεσόγειαν
651 5119 693 5162 τοῦ
711 5112 785 5177 nea]
798 5127 863 5177 lngo,
880 5115 1058 5174 Πελοπόννησον
1076 5116 1137 5165 text.
1155 5113 1166 5177 ΙΙ
1180 5114 1250 5163 -τά
1261 5133 1286 5165 τε
1298 5116 1393 5179 ρρσύμα
1405 5118 1444 5163 καὶ
1462 5116 1491 5162 τὰ
1507 5115 1567 5163 ἀλλα
1590 5112 1682 5176 πάντα]
1708 5126 1802 5177 lunago,
1821 5113 1850 5163 τὰ

251 5182 347 5242 φρούρια
358 5184 418 5231 text.
435 5183 445 5246 [Ι
463 5212 489 5220 -
508 5180 558 5246 §a
571 5181 680 5248 Ἀργεῖοι]
697 5181 754 5234 add.
767 5197 859 5248 margo.
873 5184 884 5248 fl
898 5210 929 5222 -
944 5183 992 5248 §ts
1007 5183 1172 5247 Περιθλίπτῳ]
1184 5185 1220 5234 De
1233 5185 1280 5235 troo
1296 5185 1447 5237 monasterio
1461 5182 1573 5247 Deiparae
1584 5195 1655 5232 sacro
1666 5196 1691 5231 ν.
1706 5185 1813 5245 ὓυαιιις.
1828 5183 1853 5232 io

253 5250 337 5299 const
354 5251 446 5318 Christ.
459 5252 501 5303 lib.
517 5248 569 5316 4'p.
585 5256 614 5304 ui
630 5266 667 5316 sq.

1042 5347 1099 5406 150
