3890 6044
245 555 294 617 xiv
397 564 402 577 “
897 555 1195 618 PROLEGOMENA.

243 688 382 765 quaginta
400 686 494 746 tribus
510 687 675 763 eclogarum
691 686 895 746 historicarum
908 687 1011 748 titulis.
1023 688 1104 747 later
1117 688 1171 747 hos
1184 707 1301 766 quoque
1316 707 1392 747 unus
1408 689 1498 749 luisse
1518 689 1705 770 videturaepl
1724 712 1845 768 aspari-,-

242 782 385 862 γημάτων,
397 785 449 863 qui
466 784 555 843 semel
571 796 747 842 memoratur
762 782 794 842 in
812 784 920 862 eclogia
937 784 996 865 arpi
1010 789 1133 864 γνωμῶν.
1147 784 1329 861 Quamquam
1351 785 1415 845 fieri
1434 786 1520 845 etiam
1543 800 1638 865 potest
1658 800 1690 846 ut
1710 787 1755 846 ibi
1772 806 1844 866 pars

242 882 433 959 syntagmatis
446 879 585 941 derebus
598 879 712 940 bellicis
730 880 921 956 intelligenda
933 880 983 942 sit.
1349 892 1352 897 “

711 1049 752 1110 ll.
774 1049 898 1108 CODEX
919 1048 1189 1111 §conrannnsts
1206 1051 1249 1123 ss,
1269 1053 1295 1123 l,
1320 1071 1367 1110 ιι.

279 1225 403 1284 Joanuis
412 1223 585 1282 Antiocheni
601 1223 761 1299 fragmenta
775 1242 812 1280 ex
825 1222 935 1298 eclogis
948 1223 1202 1287 Constantinianis
1213 1222 1275 1303 napi
1288 1221 1434 1282 ὶιιιὸουλῖιν
1446 1223 1591 1301 inquarto
1599 1223 1845 1302 fragmentorum

241 1323 453 1383 ilistorieorum
470 1321 620 1379 volumine
637 1319 704 1378 dedi
726 1319 883 1377 secundum
904 1320 1031 1379 codicem
1044 1321 1236 1380 Parisiensem
1255 1322 1343 1394 1666,
1358 1321 1410 1398 qui
1429 1321 1487 1379 fine
1502 1321 1622 1381 mutilus
1634 1323 1666 1381 in
1684 1322 1773 1383 rebus
1783 1323 1847 1383 Ze-

242 1422 328 1479 nonis
356 1422 413 1497 (an.
441 1419 508 1494 tto)
535 1415 676 1477 subsistit.
698 1414 780 1474 Nunc
805 1436 870 1494 quae
893 1416 936 1475 ibi
961 1416 1175 1490 desiderantur,
1193 1418 1327 1496 suppleri
1341 1436 1358 1474 e
1374 1417 1475 1476 codice
1499 1417 1680 1479 Seorialense
1693 1420 1730 1493 il,
1743 1420 1771 1494 l,
1790 1444 1844 1496 ιι,
1932 1436 1933 1511 p

244 1519 296 1595 qni
310 1519 423 1576 easdem
442 1517 478 1574 de
490 1514 606 1574 insidiis
624 1516 738 1590 eclogas
754 1512 872 1571 exhibet
887 1515 1024 1591 integras.
1038 1513 1156 1573 'l'itulus
1175 1515 1212 1573 iis
1229 1514 1389 1591 prefigitur
1405 1515 1467 1593 (tol.
1492 1515 1642 1594 107):’Ex
1658 1522 1704 1590 τῆς
1725 1520 1849 1600 ἱστορίας
1932 1540 1933 1611 p

241 1613 363 1675 Ἰωάννου
375 1613 543 1692 Ἀντιοχέως,
558 1624 590 1669 ut
602 1612 702 1669 monui
717 1611 748 1670 in
764 1610 878 1686 fragm.
889 1611 964 1669 llist.
981 1624 1051 1668 tom.
1064 1609 1114 1683 lV,
1127 1631 1158 1691 p.
1176 1610 1243 1669 535.
1259 1608 1344 1680 Quod
1359 1630 1431 1669 vero
1442 1610 1552 1670 ibidem
1562 1613 1627 1671 dixi
1639 1613 1842 1694 subscriptum
1932 1618 1933 1687 ι

241 1712 297 1788 legi
315 1734 322 1769 ι
339 1710 464 1770 Ἰωάννου
482 1714 528 1767 τοῦ
547 1707 657 1780 ἐπίκλην
680 1707 812 1780 Μολέλο,
828 1708 874 1780 id,
891 1721 922 1766 ut
942 1720 1042 1786 postea
1063 1707 1145 1780 vidi,
1159 1726 1242 1767 secus
1259 1705 1355 1767 habet.
1368 1706 1508 1766 Videlicet
1525 1722 1659 1788 excerpta
1673 1730 1710 1768 ex
1724 1710 1846 1773 Joanne
1932 1708 1933 1773 l

240 1807 423 1867 Antiocheno
441 1804 655 1884 subscriptione
673 1818 782 1865 carent.
797 1804 866 1862 Post
891 1804 1026 1863 ultimum
1051 1804 1243 1879 fragmentum
1264 1803 1300 1861 ad
1322 1817 1498 1881 postremum
1520 1804 1622 1864 Phocae
1645 1808 1715 1888 imp.
1729 1827 1846 1869 anuum

241 1905 322 1985 (διο)
341 1903 490 1982 pertinens
509 1904 540 1961 in
562 1902 661 1961 codice
676 1904 801 1983 spatium
820 1920 944 1959 vacuum
963 1913 1006 1958 est
1020 1920 1072 1958 sex
1090 1904 1228 1958 v'ersuum
1252 1919 1353 1977 capax.
1371 1899 1411 1961 Ea
1425 1901 1456 1960 in
1473 1899 1575 1960 lacuna
1589 1903 1678 1980 periit
1692 1917 1753 1962 tum
1767 1906 1845 1966 sub·

241 2001 378 2079 scriptio,
395 2013 453 2057 tum
474 1999 592 2057 initium
608 2010 811 2077 excerptorum
830 2018 895 2076 quae
915 1997 1052 2075 deinceps
1077 1997 1213 2073 leguntur
1225 2016 1241 2055 e
1254 1996 1409 2056 Chroniois
1429 1997 1550 2056 loannis
1575 1998 1695 2060 Malelae.
1716 2000 1844 2064 Sernota
1932 2000 1933 2067 ἶ

243 2117 343 2156 eorutn
366 2116 435 2175 pars
453 2117 530 2156 nunc
544 2096 648 2174 incipit
660 2094 762 2155 verbis
779 2118 786 2153 :
804 2138 838 2156 ...
851 2095 966 2176 φεύσιιιο
977 2094 1044 2172 μετὰ
1055 2099 1102 2153 τοῦ
1120 2093 1245 2172 Αἰγίσθου
1263 2097 1319 2160 πῶς
1336 2094 1433 2174 ὀφείλει
1452 2095 1520 2175 δολῳ
1533 2101 1687 2176 φονευθῆναι
1699 2099 1845 2180 ἐρχόμενος

238 2192 409 2273 Ἀγαμέμνων
423 2196 462 2270 (ιι.
476 2193 581 2255 Malela
595 2213 624 2271 p.
638 2194 705 2263 133,
724 2215 740 2266 7
756 2192 803 2251 ed.
818 2192 937 2272 Boon),
952 2193 1079 2271 pertinet
1092 2211 1164 2250 vero
1179 2191 1324 2269 usquead
1341 2191 1390 2251 sol.
1409 2193 1475 2264 167,
1492 2191 1544 2250 ubi
1559 2193 1756 2273 subscriptum
1773 2211 1843 2258 ests
1932 2232 1933 2235 υ

237 2288 320 2358 Τέλος
333 2293 380 2361 τῆς
393 2288 508 2369 ἱστορίας
522 2288 643 2350 Ἰωάννου
656 2294 701 2348 τοῦ
719 2288 829 2372 ε’πίνιλην
844 2291 957 2349 Mathe
977 2288 1037 2369 περὶ
1058 2289 1208 2356 intinniit.
1932 2286 1933 2289 ¹

276 2385 400 2445 loannis
426 2385 600 2449 Antiocheni
627 2387 786 2463 fragmenta
804 2406 866 2464 quae
885 2401 953 2446 sunt
975 2388 1011 2447 de
1034 2387 1121 2446 rebus
1145 2388 1355 2463 imperatorum
1383 2385 1629 2462 byzantinorum,
1652 2407 1729 2448 nova
1750 2392 1845 2453 multa

237 2504 328 2562 eaque
348 2504 385 2542 ex
400 2485 519 2563 optimis
536 2483 665 2543 sontibus
680 2484 766 2543 ducta
779 2486 909 2564 praebere
929 2487 1005 2541 inter
1018 2483 1176 2542 historicos
1191 2481 1262 2540 satis
1274 2480 1335 2558 jam
1356 2493 1484 2556 constat,
1500 2481 1588 2558 idque
1606 2482 1645 2541 iis
1660 2504 1724 2561 quae
1747 2504 1763 2543 e
1785 2508 1838 2545 co·

237 2580 302 2639 dice
324 2580 500 2639 Scorialensi
522 2578 582 2657 jam
595 2580 751 2654 accedunt,
765 2581 857 2655 magis
870 2580 957 2637 etiam
973 2576 1224 2658 comprobabitur.
1242 2577 1327 2647 Quod
1341 2578 1428 2637 duces
1448 2579 1569 2651 attinet,
1585 2579 1691 2657 quibus
1705 2578 1837 2643 Joanues
1932 2604 1933 2629 ι

237 2695 268 2734 se
285 2676 413 2748 addixit,
435 2676 543 2754 saepius
557 2675 658 2733 monui
673 2674 763 2733 multa
784 2693 850 2733 eum
870 2673 971 2732 eodem
992 2694 1115 2753 prorsus
1130 2675 1216 2733 modo
1232 2676 1341 2734 referre
1359 2697 1418 2754 quo
1438 2676 1536 2735 eadem
1553 2678 1681 2737 narravit
1700 2678 1835 2741 Socrates

238 2772 312 2850 (vid.
326 2787 389 2833 not.
401 2773 439 2831 ad
452 2774 490 2832 fr.
511 2773 578 2844 184,
595 2774 663 2843 186,
678 2772 743 2847 189,
763 2791 829 2848 190,
849 2772 917 2846 193,
933 2770 1001 2846 195,
1018 2767 1098 2849 ιιι).
1115 2770 1243 2847 Verum,
1257 2772 1316 2830 nisi
1327 2773 1443 2849 egregie
1456 2773 1551 2846 fallor,
1564 2773 1689 2833 ioannes
1701 2774 1762 2835 haeo
1775 2798 1838 2837 uon

235 2889 273 2927 ex
290 2869 420 2942 Socrate,
435 2869 486 2948 qui
501 2869 703 2928 ecclesiasticis
718 2888 830 2927 summa
846 2868 944 2925 civilis
964 2866 1096 2924 historiae
1113 2882 1257 2928 momenta
1272 2870 1450 2942 immiscuit,
1468 2872 1629 2949 expiscatus
1651 2885 1711 2946 est,
1728 2875 1780 2933 sed
1800 2896 1840 2936 ex
1932 2900 1933 2907 ¹

236 2963 337 3023 eodem
362 2967 466 3024 sumsit
485 2963 635 3024 Eustathio
656 2965 885 3044 Epiphaniensi,
900 2983 959 3041 quo
980 2963 1111 3023 Socrates
1127 2984 1197 3022 usus
1214 2979 1272 3038 est,
1289 2978 1318 3024 et
1331 2985 1417 3043 quem
1439 2965 1576 3027 historias
1596 2988 1662 3028 suas
1686 2990 1780 3047 usque
1801 2974 1839 3032 ad
1932 2962 1933 2967 ἵ

236 3060 440 3120 duodecimum
464 3061 609 3120 Anastasii
623 3081 731 3121 aunum
752 3061 821 3138 (502
836 3082 866 3140 p.
887 3059 933 3140 C.)
946 3059 1102 3119 deduxisse
1127 3080 1163 3119 ex
1186 3061 1287 3120 eodem
1303 3062 1421 3120 Socrate
1439 3065 1576 3123 novimus
1592 3067 1635 3142 (v.
1651 3065 1697 3126 Fr.
1712 3067 1790 3129 Hist.
1804 3079 1836 3144 a,
1932 3044 1933 3125 l

235 3178 264 3235 p.
283 3159 361 3235 138).
375 3164 417 3216 Ac
432 3159 569 3235 quoniam
595 3158 762 3217 Eustathius
782 3160 814 3217 in
834 3157 965 3216 historiis
988 3158 1050 3216 suis
1069 3159 1250 3236 excerpsisse
1267 3157 1439 3238 perhibetur
1459 3172 1520 3217 tum
1543 3161 1616 3220 alios
1636 3175 1694 3220 tum
1710 3162 1835 3223 Diouem

234 3254 384 3324 Cassium,
401 3254 617 3327 Herodianum,
634 3253 847 3326 Nicostratum,
871 3254 1055 3332 llexippnm,
1076 3255 1250 3329 arrianum,
1272 3256 1404 3314 Asinium
1424 3255 1622 3333 Quadratum,
1640 3258 1784 3318 Zosimum
1806 3275 1839 3322 et
1932 3294 1933 3329 ι

234 3349 387 3420 Priscum,
402 3348 561 3425 exquibus
575 3350 716 3424 Dionem,
733 3350 948 3422 llerodianum,
963 3350 1112 3408 Zosimum
1130 3364 1159 3408 et
1178 3349 1309 3410 Priscum
1331 3352 1417 3410 etiam
1431 3351 1554 3411 loannis
1567 3353 1735 3429 fragmentis
1752 3357 1838 3419 reddi
1932 3354 1933 3429 l

234 3443 469 3502 luculentissimis
483 3444 624 3520 exemplis
642 3444 794 3522 probatur,
808 3446 860 3503 vix
874 3447 1018 3506 erraveris
1032 3449 1059 3506 si
1071 3448 1214 3507 loannem
1233 3449 1339 3526 Syrum
1363 3450 1498 3509 statueris
1516 3471 1574 3509 non
1590 3451 1687 3511 denuo
1705 3455 1776 3512 istos
1790 3455 1840 3514 hi·

235 3542 359 3600 storicos
379 3544 572 3619 excerpsisse,
588 3540 638 3598 sed
653 3556 804 3620 excerptos
820 3542 880 3619 jam
897 3542 934 3602 ab
948 3543 1099 3602 Eustathio
1120 3543 1195 3622 Syro
1215 3547 1245 3604 in
1268 3566 1335 3605 usus
1349 3565 1419 3605 suos
1432 3546 1618 3606 convertisse.
1634 3546 1668 3607 ln
1689 3564 1840 3628 postrema
1932 3596 1933 3617 ι

234 3637 420 3695 historiarum
436 3650 534 3715 parte,
546 3657 604 3714 qua
615 3657 662 3696 res
676 3651 742 3715 post
753 3659 801 3698 an.
819 3638 874 3696 boa
885 3653 979 3715 gestas
994 3654 1167 3715 narrantur,
1177 3641 1280 3700 iisdem
1294 3641 1401 3719 quibus
1412 3641 1606 3722 Theophanes
1623 3643 1753 3703 sontibus
1767 3667 1840 3708 usus
1932 3656 1933 3705 ὲ

234 3753 297 3792 esse
311 3733 438 3794 videtur.
1217 3744 1225 3757 '

274 3829 407 3890 Ceterum
428 3829 500 3887 alter
519 3849 637 3906 quoque
651 3828 798 3902 doannes,
812 3832 915 3890 lilalela
930 3833 980 3891 ille
993 3833 1102 3905 dictus,
1119 3836 1254 3911 quamvis
1268 3836 1298 3892 in
1315 3833 1421 3910 majori
1434 3837 1534 3910 operis
1545 3849 1625 3913 parte
1636 3836 1722 3913 plane
1736 3836 1838 3898 helluo
1932 3912 1933 3915 ρ

233 3941 262 3985 et
275 3947 363 4006 pecus
377 3928 430 3999 sit,
446 3940 570 3985 attamen
585 3928 749 3986 Antiochiae
763 3927 844 3987 urbis
858 3929 985 3988 historiae
1002 3930 1067 3989 sons
1084 3922 1127 3989 es't
1138 3933 1308 4010 ⁴praecipuus
1325 3944 1354 3988 et
1377 3930 1413 3988 de
1428 3952 1485 3989 suae
1506 3933 1598 3990 aetatis
1615 3931 1701 3991 rebus
1722 3933 1836 4010 Byzan·
1932 3948 1933 4003 ξ

234 4025 304 4084 tiuis
314 4039 416 4084 auctor
430 4024 506 4083 baud
519 4024 709 4102 spernendus.
721 4025 806 4093 Quod
820 4026 936 4102 quidem
953 4027 1045 4085 multo
1057 4028 1167 4088 clarius
1179 4040 1349 4107 appareret,
1367 4029 1392 4086 si
1408 4028 1552 4104 integrius
1566 4050 1640 4107 opus
1651 4029 1687 4088 ad
1702 4050 1755 4088 nos
1768 4051 1839 4109 per·
1932 4090 1933 4093 ,

235 4123 373 4182 venisset.
388 4122 500 4180 Etenim
517 4124 661 4181 editiones
675 4123 785 4181 lllalelae
801 4145 858 4182 uno
875 4125 1008 4183 nituntur
1024 4125 1124 4185 codi'ee
1138 4126 1298 4185 Oxonieusi
1312 4146 1347 4185 ex
1369 4146 1427 4205 quo
1441 4128 1711 4206 Chronographiam
1727 4128 1838 4189 descri-

233 4221 292 4296 psit
310 4218 482 4279 Edmundns
497 4220 684 4280 Chilmeadus
698 4235 755 4279 ete
769 4221 913 4283 schedulis
928 4224 991 4301 ejus
1005 4225 1065 4282 viri
1082 4226 1259 4283 llumfredus
1273 4224 1405 4283 llondius
1420 4243 1468 4285 an.
1489 4227 1560 4301 1691
1578 4224 1680 4284 edidit.
1697 4226 1734 4282 ht
1744 4226 1839 4285 codex

231 4317 283 4375 ille
297 4328 327 4375 et
340 4317 427 4375 initio
444 4330 473 4374 et
489 4318 548 4374 fine
564 4319 682 4376 mutilus
697 4332 750 4376 est.
767 4319 810 4376 Ex
824 4333 906 4396 parte
920 4321 950 4378 in
967 4322 1024 4378 stne
1039 4321 1191 4399 deperdita
1213 4321 1305 4379 codex
1323 4320 1514 4379 Scorialensis
1537 4322 1596 4378 duo
1618 4334 1753 4398 excerpta
1772 4340 1837 4378 ser-

232 4415 313 4474 vavit
325 4434 390 4492 quae
402 4416 548 4492 pertinent
558 4415 594 4473 ad
607 4428 738 4494 tempora
751 4413 919 4475 iustiniani.
934 4415 1067 4494 lleliquis
1079 4418 1226 4495 excerptis
1240 4418 1379 4475 docemur
1394 4417 1426 4474 in
1440 4416 1541 4485 codice
1558 4416 1716 4474 Oxoniensi
1728 4433 1834 4476 narra·

230 4511 339 4570 tionem
355 4513 482 4570 auctoris
497 4503 651 4589 permultis
666 4513 738 4571 locis
759 4532 935 4591 magnopere
951 4512 1112 4573 breviatam
1124 4534 1200 4585 esse,
1215 4496 1286 4571 adeo
1300 4527 1333 4572 ut
1348 4512 1469 4571 tumbis
1484 4511 1544 4592 περὶ
1559 4512 1703 4571 &tricolim
1717 4511 1830 4587 eclogia

230 4620 288 4665 tum
306 4609 366 4667 illis
380 4628 453 4686 quas
469 4607 529 4688 περὶ
544 4611 636 4688 ἀρετῆς
654 4610 700 4667 καὶ
713 4607 807 4675 κονίας
824 4609 914 4668 codex
927 4612 1110 4671 Turonensis
1129 4611 1191 4692 (sol.
1213 4613 1247 4668 dr
1265 4610 1350 4670 v.·85
1374 4608 1417 4690 r.)
1441 4609 1621 4688 suppeditat,
1639 4610 1673 4667 ad
1694 4608 1833 4686 nmjorem

230 4708 423 4783 integritatem
440 4727 514 4785 opus
529 4708 663 4765 revocari
682 4704 786 4784 possit‘.

672 4891 725 4949 lll.
750 4892 876 4951 CODEX
896 4887 1381 4954 CONS'l'hli'l'lNOPOLl'l'hNUS.

269 5065 370 5125 Codex
383 5069 435 5145 qui
449 5066 594 5128 Critobuli
612 5068 705 5129 libros
726 5071 857 5149 quinque
878 5071 914 5129 de
927 5070 1016 5129 rebus
1027 5071 1118 5146 gestis
1136 5068 1324 5127 Mechemetis
1347 5065 1492 5130 continet.
1511 5064 1767 5145 Constantinopoli
1788 5082 1834 5124 as·

231 5163 409 5221 servatoria
429 5163 608 5225 bibliotheca
623 5165 747 5243 Seraglii
767 5168 831 5226 sire
844 5167 946 5245 palatii
965 5166 1151 5244 imperatoris
1170 5165 1346 5224 Turcorum.
1362 5163 1396 5220 ln
1415 5160 1547 5220 indiculo
1562 5161 1696 5220 codicum
1718 5180 1832 5237 graeco—

230 5278 295 5317 rum
312 5260 421 5319 turcice
440 5262 549 5340 scripto
564 5283 685 5322 numero
701 5267 729 5321 ll
745 5263 936 5340 designatur,
949 5264 980 5322 in
995 5264 1127 5337 catalogo
1141 5282 1227 5341 quem
1242 5262 1351 5340 ipsein
1370 5259 1501 5336 Seraglio
1515 5259 1686 5338 composui,
1701 5256 1757 5316 sub
1772 5279 1832 5319 nu·
1932 5296 1933 5299 =

231 5375 312 5414 mero
329 5355 395 5416 xlv
414 5373 588 5419 recensetur.
