3842 6036
255 450 296 512 88
679 439 891 502 eumenum
911 435 1177 500 manumittunt
1198 434 1270 496 ΗΒ.
1295 436 1319 507 Ι,
1342 436 1453 495 όδ-δβ.

259 578 304 640 καλ
327 577 510 654 μετακομίζειν
524 579 633 635 ἐνταῦθα
647 573 706 641 τοῦς
720 573 827 652 άνδρας·
841 566 906 653 ὅπερ
922 561 954 643 ἦν
970 569 1028 629 κίν-
1083 566 1246 648 πορρωτάτω
1265 566 1312 626 καί
1334 567 1495 646 όρμίζουσιν·
1518 568 1541 623 εί
1562 562 1613 643 γόιρ
1633 563 1669 639 μὴ
1684 566 1756 623 τοῦτο
1766 563 1834 643 τάχος

258 669 330 734 δυνος
343 663 490 747 προφανής,
505 661 660 738 κινουμένου
678 663 730 719 τῶν
752 657 961 739 προμαχομίνων
984 661 1029 716 τοῦ
1083 654 1211 733 ἐγεγόνει,
1228 653 1378 714 κατεδύοντ’
1392 653 1423 711 διν
1438 655 1465 711 αἱ
1487 651 1600 733 τριήρεις
1619 649 1751 728 αὔτανδροι
1763 650 1834 721 καίή

259 755 339 816 titos
357 753 474 829 τείχους,
486 751 532 809 καί
548 748 585 826 μὴ
599 747 748 827 ἀρκούντων
760 752 812 806 τῶν
827 746 1029 824 ίγκαταλελειμ-
1083 741 1173 815 θλκδις,
1186 742 1249 815 μηδ’
1260 740 1379 811 αἴσθησιν
1390 744 1451 820 γοῦν
1459 743 1577 811 ἡντινοῦν
1587 743 1633 798 τοῦ
1643 746 1723 799 κακοῦ
1731 743 1835 818 σχοῦσαι·

259 844 359 920 με’νων,
371 838 467 918 όλίγων
477 837 573 911 όντων,
585 835 723 918 φυλάττειν
737 834 813 896 αύτό.
856 834 888 911 (τ)
901 834 943 893 Ol
954 838 1030 892 τοῦτο
1083 829 1164 897 οὕτως
1189 820 1256 902 ἦσαν
1281 830 1356 907 ίγγῦς
1378 833 1424 887 τοῦ
1447 830 1640 908 διαφθαρῆναι,
1653 830 1704 886 τῶν
1726 829 1836 905 μηχανῶν

258 929 285 989 δὲ
301 928 379 1006 μόνον
400 919 432 998 ήν
452 926 483 984 τὸ
498 924 592 996 δεινόν,
605 922 664 983 ἀλλ’
678 922 717 980 ότι
737 921 814 992 καὶὴ
838 919 937 1000 γόφυρα
958 920 1030 985 τελος
1084 917 1196 994 ίτοίμων
1221 919 1305 975 σύσῶν
1339 917 1444 999 άφείνκι
1470 916 1528 981 τούς
1557 914 1642 982 λίθους
1674 917 1731 973 κατ’
1756 917 1837 974 αῦτῶν.

258 1015 376 1077 λαῦοῦσα
396 1011 506 1079 όπλίτας
525 1010 629 1090 ίδίχετο
650 1009 695 1069 καί
719 1008 823 1078 τοξότας
848 1006 1030 1075 διαβαίνοντας
1084 1005 1122 1083 (ι)
1143 1004 1279 1082 ,Ῥωμαῖοι
1305 1003 1393 1080 μέντοι
1416 1003 1462 1064 καλ
1486 1004 1579 1063 τούτου
1604 1002 1783 1082 διαμαρτόντας
1800 1003 1837 1059 οῦκ

259 1104 303 1164 ini
317 1103 347 1162 τό
360 1105 458 1181 τεῖχος,
471 1098 516 1158 καί
530 1097 582 1158 ίδει
596 1095 735 1178 φυλάττειν
749 1099 839 1155 κάκεῖ·
854 1096 900 1156 καλ
918 1097 946 1155 αί
965 1094 1030 1175 πρός
1084 1085 1182 1173 εἶχονό
1198 1116 1225 1150 τι
1238 1116 1267 1169 γε
1282 1091 1370 1171 ίτερον
1383 1088 1585 1171 διαπράξονται,
1597 1098 1726 1170 μηχαναῖς
1738 1090 1763 1149 δὲ
1775 1089 1840 1165 μόνον

259 1196 298 1274 τῷ
315 1190 427 1269 στόματι
440 1189 468 1248 δὲ
487 1191 533 1247 τοῦ
549 1185 653 1265 λιμίνος
667 1184 712 1245 καί
727 1189 760 1265 τῇ
775 1185 864 1245 ἁλύσει
881 1184 988 1251 όλκάδες
1001 1207 1030 1243 τε

260 1280 307 1341 καί
321 1279 432 1360 τριήρεις
443 1277 488 1334 καλ
502 1277 529 1334 αἱ
544 1274 623 1334 ἄλλαι
637 1279 695 1346 νῆες
709 1275 735 1332 ἐν
755 1275 793 1353 τῷ
806 1272 892 1350 λιμίνι
913 1274 1029 1354 φυλακῆς

259 1368 311 1441 ήδη
327 1368 426 1444 μᾶλλον
443 1363 545 1424 ἐθίοντσ
562 1361 694 1437 πλείονος,
709 1360 809 1419 ἔνδοθέν
824 1384 851 1418 τε
871 1360 916 1419 καί
939 1358 1031 1428 ίξωθεν

260 1453 465 1534 πολεμούμενοι.
508 1449 678 1529 Πολλαχόθεν
692 1439 737 1510 σύν
754 1451 841 1515 αὐτοῖς
855 1448 942 1526 ἄπορα
956 1439 989 1520 ἦν
1003 1471 1031 1506 τι

261 1543 306 1604 καί
320 1543 417 1616 ἐδόκει,
429 1539 498 1613 πλήν
514 1562 544 1618 γε
562 1539 594 1610 δή
610 1542 657 1598 οὐκ
673 1538 787 1614 ήμίλουν
809 1540 839 1597 ίκ
857 1542 909 1596 τῶν
922 1535 1032 1596 ίνόντων

261 1636 313 1692 τῶν
324 1634 450 1691 δυνατῶν.

301 1718 557 1784 Χιιν.’1συσιῑνσ;
578 1716 644 1794 γάρ,
668 1714 733 1794 άρας
759 1711 822 1791 μίαν
843 1717 894 1772 τῶν
916 1712 1033 1771 ὁλκάδων

264 1812 344 1869 αῦτσῦ
354 1805 407 1865 άπδ
416 1812 461 1863 τοῦ
473 1803 601 1880 στόματος
612 1807 658 1861 τοῦ
668 1802 772 1878 λιμένος
782 1800 827 1859 καί
836 1803 888 1857 τῶν
895 1797 1034 1860 Ἰταλικῶν

264 1896 390 1975 τριήριων
405 1896 489 1972 τρεῖς,
505 1891 597 1968 ἐπάγει
611 1888 679 1948 κατίι
696 1888 726 1948 τό
741 1888 826 1966 στόμα
848 1894 894 1947 τοῦ
919 1888 1033 1960 κόλπου,

263 1976 292 2043 σύ
304 1982 440 2061 ἐφώρμουν
450 1982 477 2037 αἱ
488 1983 548 2051 νῆες
558 1983 603 2036 τοῦ
616 1977 759 2056 βασιλέως,
771 1976 817 2035 καί
830 1975 930 2056 όρμίζιι
945 1977 1035 2050 αὐτοῦ,

263 2073 298 2130 ἵν’
312 2072 358 2129 ἀπ’
374 2070 459 2128 αὐτῶν
474 2075 575 2127 ποιοῖτο
587 2066 631 2125 τὸν
650 2066 781 2144 πόλεμον,
797 2065 841 2124 καί
853 2065 977 2144 κατείργη
991 2063 1036 2130 τάς

264 2157 393 2235 πολεμίας
406 2160 468 2222 ναῦς
482 2157 508 2213 ίν
522 2158 561 2236 τῷ
578 2153 684 2232 κόλπῳ,
720 2155 824 2229 ηδαμοῦ
843 2148 1036 2222 διεκθεούσαςή

267 2245 393 2327 βλάπτειν
410 2241 554 2318 δυναμίνας
572 2240 615 2301 τόν
635 2264 664 2300 τε
686 2241 780 2319 λιμένα
803 2240 847 2299 καί
870 2240 903 2301 τδ
924 2245 950 2301 ἐν
966 2243 1037 2319 αύτῷ

265 2333 364 2413 σκάφη.
413 2333 466 2392 Καί
479 2328 550 2398 ἔδοξε
564 2335 639 2390 τοῦτο
661 2327 754 2408 άρίστη
770 2328 850 2408 βουλή
866 2329 911 2387 καλ
933 2329 1038 2389 ἀντιτί-

264 2444 374 2501 χνησις,
384 2419 448 2499 πρδς
458 2416 547 2497 καιρὸν
559 2417 657 2492 με’ντσι.
683 2416 716 2495 (a)
729 2416 878 2496 Μεχίμετις
893 2415 943 2495 γάρ
961 2422 975 2475 ό
990 2420 1038 2496 βα-

267 2507 353 2575 σιλεῦς
364 2511 440 2566 τοῦτο
453 2503 527 2584 γνούς
538 2506 718 2584 ἀντιτεχνᾶται
728 2504 836 2564 τοιόνδε.
862 2502 970 2564 Κελεύει
980 2502 1039 2570 τοῦς

268 2593 464 2676 μηχανοποιούς
473 2592 563 2659 νυκτὸς
575 2592 758 2670 ἀπαγαγόντας
766 2591 851 2671 λάθρα
861 2592 908 2658 τάς
919 2589 1041 2673 μηχανάς

267 2689 350 2743 θεῖναι
361 2680 434 2760 παρδι
447 2681 491 2740 τὸν
506 2679 624 2757 αἰγιαλόν
636 2678 743 2759 άντικρῦ
755 2670 785 2739 σθ
797 2679 932 2760 ἐφώρμουν
943 2682 970 2737 αί
982 2683 1040 2751 νῆες

267 2771 342 2842 καίή
356 2769 450 2841 όλκδς,
465 2768 510 2829 καί
525 2768 628 2849 άφεῖναι
641 2768 700 2836 τοῦς
717 2767 803 2834 λίθους
816 2769 875 2826 κατ’
891 2768 987 2829 αὐτῶν.
1005 2771 1041 2828 Ol

268 2858 295 2918 δὲ
311 2863 406 2918 θᾶσσον
421 2862 497 2916 τοῦτο
506 2857 677 2934 ποιήσαντες,
689 2855 817 2933 βάλλουσι
830 2854 894 2927 μίαν
906 2858 957 2914 τῶν
969 2854 1041 2934 τριή·

269 2970 335 3026 ρεων
353 2946 422 3006 κατά
438 2944 518 3022 μίτον
541 2944 586 3003 καὶ
609 2943 782 3003 καταδύουσιν
808 2941 949 3024 αὔτανδρον
971 2943 1041 3015 πλὴν

1085 1180 1253 1259 πετροῦολοις
1269 1180 1322 1238 άπὸ
1335 1185 1382 1239 τοῦ
1398 1179 1501 1257 τείχους
1512 1179 1557 1236 καί
1573 1178 1676 1258 βέλεσιν
1689 1177 1792 1238 ίόαλλον
1803 1178 1839 1241 ult

1084 1270 1144 1331 ναῦς
1158 1266 1203 1324 καί
1217 1267 1332 1345 ἀνεῖργον
1341 1263 1401 1325 όπσι
1412 1265 1528 1345 παρήκοι
1547 1266 1719 1332 διεκθεούσας.
1760 1263 1840 1332 ’Ensi-

1087 1352 1156 1413 ίθεον
1171 1351 1198 1412 δλ
1212 1352 1258 1411 καί
1273 1351 1387 1432 τριήρεις
1401 1356 1454 1411 τῶν
1468 1351 1521 1410 άπὸ
1542 1356 1587 1412 τοῦ
1601 1351 1728 1429 στόματος
1748 1357 1790 1412 τοῦ
1806 1354 1841 1411 λι·

1088 1439 1180 1519 μόνος,
1201 1439 1258 1499 καθ’
1280 1439 1383 1519 ήμίραν
1406 1439 1547 1501 διῶκουσαί
1561 1463 1590 1500 τε
1606 1440 1688 1507 αῦτδς
1704 1440 1747 1500 καί
1769 1440 1843 1519 όνείρ-

1086 1552 1179 1608 γοοσαι
1190 1534 1236 1589 τοῦ
1252 1528 1289 1604 μή
1305 1551 1329 1586 τι
1347 1527 1474 1607 βλάπτειν
1485 1531 1511 1588 ἐν
1522 1531 1560 1610 τῷ
1574 1528 1680 1604 λιμίνι,
1694 1528 1810 1595 πολλάκις
1821 1524 1843 1585 δὲ

1087 1618 1133 1677 καί
1156 1617 1234 1698 μέχρι
1257 1616 1321 1698 πρὸς
1343 1617 1392 1689 τὴν
1422 1621 1472 1696 γῆν
1498 1619 1689 1678 ίπσκίλλουσαι
1716 1618 1777 1696 πρὸς
1795 1614 1844 1680 τοὺς

1090 1707 1206 1781 ίαυτῶν,
1230 1706 1258 1763 αἱ
1284 1703 1311 1763 δὲ
1335 1706 1415 1762 πάλιν
1441 1703 1617 1785 ύπίστρεφον,
1642 1706 1846 1784 αἰναστρεφονσῶν

1089 1795 1142 1850 τῶν
1164 1791 1305 1871 τριήρεων,
1327 1791 1372 1850 καί
1395 1790 1469 1872 παρίι
1492 1791 1573 1858 πόδας
1599 1790 1772 1862 ἠκολούθουν,
1792 1789 1846 1865 βάλ·

1089 1881 1182 1937 λουσαι
1193 1880 1237 1938 καί
1253 1878 1425 1957 βαλλόμεναι·
1442 1877 1489 1939 καί
1504 1877 1572 1938 οῦτω
1588 1877 1785 1957 ήκροόσλίζοντο
1795 1879 1846 1935 καθ’

1089 1964 1202 2044 ἡμέραν.

1129 2053 1215 2115 XLV.
1238 2054 1316 2114 Κατδι
1337 2054 1365 2113 δὲ
1382 2051 1430 2121 τδς
1445 2053 1526 2121 αύτδς
1544 2054 1647 2132 ἡμέρας
1660 2052 1794 2134 ξυνηνέχθη
1811 2051 1848 2109 καί
1889 2040 1891 2103 ί

1092 2132 1849 2223 τάδε,άπερθεοσημεῖαίτινεςήσανκαὶπρσφσιόασμοίτῶν
1892 2198 1893 2221 γ

1092 2237 1222 2314 ίσομίνων
1230 2234 1289 2296 ὅσον
1298 2240 1368 2317 οὔτῇ
1378 2237 1452 2297 πόλει
1461 2235 1625 2317 διινῶν.Πρθ
1632 2236 1684 2318 γδιρ
1694 2240 1767 2318 τριῶν
1777 2234 1849 2307 ήτετ·
1893 2276 1894 2303 3

1091 2323 1177 2404 τάρων
1188 2327 1294 2405 ἡμερῶν
1304 2332 1348 2384 τοῦ
1357 2324 1473 2402 πολίμσυ
1483 2324 1797 2396 θεοκλητούντυινπάντων
1806 2323 1848 2378 τῶν
1894 2362 1895 2371 ι

1094 2415 1121 2471 ἐν
1130 2416 1164 2493 τῇ
1174 2413 1356 2492 πόλειάνδρῶν
1363 2418 1429 2489 όμσῦ
1439 2436 1468 2471 τε
1478 2412 1523 2471 καί
1533 2416 1676 2492 γυναικῶν,
1682 2412 1725 2471 καί
1733 2431 1851 2492 περιιρχο·

1094 2501 1178 2581 μόνων
1185 2504 1267 2574 αὐτήν
1275 2503 1341 2577 μετά
1351 2507 1396 2573 τῆς
1407 2500 1502 2568 εἰκόνος
1512 2505 1557 2573 τῆς
1566 2500 1733 2580 θεομήτορσς,
1740 2500 1800 2571 αῦτη
1807 2500 1849 2557 τῶν

1093 2593 1189 2671 χειρῶν
1205 2589 1297 2670 αἴφνης
1310 2592 1457 2649 ἐκπεσοῦσα
1471 2593 1522 2648 τῶν
1544 2588 1725 2668 κατεχόντων,
1738 2589 1851 2667 μηδεμιδς

1094 2684 1247 2749 ἡστινοσοῦν
1261 2676 1378 2756 ἀνάγκης
1389 2676 1407 2748 ἢ
1423 2677 1481 2757 βίας
1494 2679 1681 2789 ήγησαμίνης,
1693 2676 1787 2756 πρηνής
1799 2674 1850 2736 lne-

1095 2788 1139 2824 σεν
1162 2765 1204 2823 ἐπ’
1221 2766 1325 2847 ἔδαφος.
1367 2765 1480 2826 Πάντων
1503 2786 1547 2824 σον
1572 2763 1772 2836 άναόσησάντων
1790 2758 1851 2825 siti<

1095 2855 1140 2913 καί
1162 2853 1408 2933 ξυνδεδραμηκότων
1420 2855 1446 2921 ἐς
1468 2854 1611 2915 ἀνάστασιν
1622 2857 1672 2925 τῆς
1683 2854 1786 2923 εἰκόνος,
1796 2850 1852 2921 αύτη

1097 2944 1197 3019 μᾶλλον
1223 2941 1313 3022 ἐόρίθη
1335 2943 1409 3004 κάτω
1434 2942 1566 3020 μσλύῦδου
1589 2942 1666 3013 δίκην
1688 2939 1851 3023 βαρυνομένη,

268 3036 362 3114 ὀλίγων
384 3033 454 3093 πάνυ
477 3030 681 3110 άπονηξαμίνων
703 3034 729 3099 ίς
751 3031 796 3098 τάς
816 3031 897 3098 άίιλας
909 3029 1041 3110 τριήρεις,
1096 3029 1185 3111 ῶσπερ
1196 3031 1353 3110 ίνισχημίνη
1364 3033 1403 3111 τῷ
1413 3028 1567 3111 ίδάφει,καὶ
1577 3028 1644 3097 όλως
1654 3028 1853 3115 δυσαπόσπαστορ

268 3124 313 3183 καί
328 3125 352 3181 el
372 3125 399 3182 ἰν
420 3123 511 3188 αῦταίς
535 3119 606 3187 ὄντες
629 3119 702 3186 εὐθὺς
725 3117 854 3195 άπύγσυσί
869 3140 898 3176 τε
913 3117 993 3184 αύτίις
1008 3120 1043 3184 ῶς
1097 3109 1140 3190 ήν.
1184 3119 1218 3197 (a)
1234 3119 1287 3178 Καί
1301 3123 1378 3177 τοῦτο
1392 3119 1431 3196 ἐφ’
1442 3117 1535 3188 ἱκανήν
1556 3117 1627 3197 ῶραν
1649 3115 1812 3198 ἐγίνετσ,ίως
1828 3116 1854 3173 οῦ

300 3300 385 3348 XLIV.
399 3297 447 3360 §2
462 3295 602 3359 γνοῦς]ίδὼν
611 3308 675 3358 nugo.
686 3295 696 3353 ll
705 3323 732 3330 —
744 3298 767 3343 θ.
780 3293 1081 3356 διαμαρτόντες.,ίόαλλσν..
1098 3294 1274 3357 ότισκίλλσυοαι]
1284 3296 1467 3356 διαμαρτόντες.
1484 3294 1586 3344 itatem.
1602 3296 1759 3346 ίιτωκελσυσσι
1771 3290 1852 3341 codes.

270 3369 306 3415 De
316 3366 355 3414 bis
367 3368 460 3428 prester
474 3364 628 3414 critobulum
645 3377 708 3413 unus
725 3365 806 3412 Duces
825 3375 849 3425 p.
869 3364 1085 3425 κηρυττόμενον
1103 3364 1185 3425 paullo
1203 3364 1282 3423 aliter,
1297 3363 1404 3427 exponit.
1424 3364 1497 3423 Τότε,
1512 3363 1562 3423 ait,
1576 3366 1590 3414 ό
1602 3364 1696 3428 Λόγγος
1709 3361 1855 3414 Ὶσοστινιανότ

271 3436 389 3496 όακίψατσ
401 3434 439 3482 διὰ
451 3438 491 3491 τῆς
501 3432 584 3488 νυκτός
598 3433 752 3495 προσεγγίσαι
762 3436 814 3486 ταῖς
827 3432 929 3495 τριήρεσι
940 3432 980 3479 καί
994 3432 1112 3495 ἐμπρῆσαι
1124 3433 1218 3488 ταύτας.
1232 3434 1279 3481 Καί
1291 3432 1320 3490 δὴ
1334 3433 1463 3494 ίτοιμάσας
1485 3432 1540 3495 μίαν
1551 3438 1599 3482 τῶν
1614 3439 1727 3496 τριήρεσιν
1738 3434 1775 3481 καί
1788 3432 1856 3494 βαλὼν

273 3507 298 3554 ts
311 3505 369 3567 αὐτῇ
383 3505 436 3560 τοὺς
448 3503 621 3566 δοκιμωτάτους
634 3508 683 3551 τῶν
693 3503 788 3553 Ἰταλῶν
799 3503 838 3550 καί
849 3508 948 3551 παντοῖα
960 3505 1079 3566 μηχανικὰ
1092 3504 1180 3563 σκεύη,
1193 3505 1288 3553 ῐσταντσ
1301 3504 1449 3566 ίκδεχόμινοι
1462 3505 1504 3561 τὴν
1518 3505 1592 3564 ὥραν.
1606 3507 1637 3554 Ol
1654 3507 1681 3555 θλ
1699 3508 1809 3555 renuiter
1820 3505 1857 3549 τοῦ

272 3576 365 3625 ratam
379 3574 489 3637 μαθόντες
506 3574 534 3622 τὸ
548 3573 663 3635 δρώμενον
683 3572 826 3633 ἀπήγγειλαν
840 3578 889 3626 τοῖς
903 3571 1021 3634 ’[ούρκσις.
1033 3575 1065 3620 οί
1078 3573 1103 3621 δί
1122 3578 1150 3636 τῇ
1170 3574 1236 3621 νυκτί
1255 3573 1331 3634 ίκείνη
1350 3573 1463 3637 ἄγρυπνοι
1479 3573 1711 3637 διανυκτερεῦσανεες
1728 3575 1766 3622 καί
1782 3569 1857 3623 ταινία

272 3645 379 3708 ίτοίμους
401 3642 587 3707 παραταξάμενοι
605 3643 658 3699 τοὺς
677 3641 790 3696 Λατίνους
804 3642 942 3704 semipane.
956 3644 987 3691 Οί
999 3643 1023 3691 δὲ
1037 3647 1133 3692 Λατῖνοι
1146 3644 1179 3705 μὴ
1195 3643 1286 3705 γνόντες
1300 3644 1328 3692 τό
1344 3645 1442 3705 μηνυθλν
1455 3644 1519 3706 παρὰ
1538 3649 1586 3692 τῶν
1603 3649 1647 3693 τοῦ
1663 3648 1681 3696 Γ
1681 3648 1754 3694 αλατᾶ
1766 3644 1795 3699 εἰς
1811 3641 1856 3694 volt

271 3717 379 3776 ἁστόεῐς,
395 3715 446 3777 περί
470 3715 545 3776 μίσας
566 3713 649 3767 νύκτας
668 3713 762 3776 όρσασα
782 3713 823 3768 τὰς
837 3710 960 3773 &pauperi
976 3714 1067 3776 τριήρης
1088 3713 1190 3777 ἀψοφητὶ
1211 3718 1258 3770 τοῖς
1276 3714 1364 3769 πλοίοις
1383 3714 1519 3773 πλησιάζων
1532 3713 1571 3774 ἦν.
1591 3716 1621 3764 Οί
1636 3716 1663 3765 δὲ
1681 3718 1776 3778 Τοῦριεοι
1794 3715 1816 3762 ίν
1831 3716 1857 3770 ri

273 3785 359 3847 βοτάνη
371 3790 411 3841 τῆς
426 3787 513 3842 σκευῆς
524 3786 570 3845 πῦρ
582 3782 717 3845 βάλλοντες,
731 3782 770 3829 καί
781 3781 810 3840 δὴ
824 3780 962 3845 ἐκπεμφθείς
974 3784 987 3830 ό
998 3783 1060 3837 λίθος
1072 3783 1132 3832 κατὰ
1144 3789 1185 3842 τής
1194 3783 1295 3846 τριήρεας
1311 3784 1351 3831 καί
1368 3784 1410 3833 σῦν
1421 3786 1476 3847 ήχιρ
1489 3783 1594 3846 πλείστῳ
1605 3784 1711 3847 κρούσαν
1722 3784 1789 3841 αὐτόν
1800 3781 1857 3833 matr

272 3856 338 3904 κάτω
354 3854 496 3917 ύποόρύχιον
514 3853 557 3902 σὺν
573 3856 621 3907 τοῖς
643 3851 764 3908 ίπιόάταις
777 3852 871 3915 πίμψας
883 3853 916 3906 είς
929 3851 1009 3913 βυθόν.
1028 3855 1104 3903 Τοῦτο
1116 3850 1172 3912 τοὺς
1186 3853 1300 3909 Λατίνους
1312 3854 1345 3908 τίς
1357 3854 1428 3913 οόδσν
1439 3856 1479 3903 καί
1491 3854 1594 3914 ἀγωνίαν
1614 3856 1644 3904 σύ
1664 3855 1747 3920 μικρόν
1762 3853 1857 3907 enno,

273 3927 313 3975 καί
327 3927 368 3976 τὸν
379 3924 489 3983 Ἰωάννην
508 3925 552 3974 οῦκ
573 3925 605 3979 είς
625 3924 710 3986 μικρὰν
723 3923 835 3986 ἀθυμίαν·
856 3923 919 3983 ἦσαν
941 3922 986 3986 γὰρ
1005 3927 1027 3972 ol
1048 3927 1266 3981 manumisisset<
1288 3926 1388 3982 άπαντες
1406 3927 1433 3975 ts
1454 3933 1495 3985 τῆς
1506 3927 1579 3975 αὐτοῦ
1588 3927 1643 3985 νηός
1658 3928 1752 3983 εὔζωνοι
1762 3927 1806 3974 νίσι
1823 3922 1858 3971 καί

273 3994 324 4042 λίαν
341 3993 479 4054 πολεμισταί
500 3993 560 4055 ὑπὲρ
573 3992 627 4048 τοὺς
645 3991 686 4053 ρι’.
699 3992 759 4039 Post
777 3991 830 4040 bmc
847 3992 931 4040 Duces
949 3994 1032 4041 namet
1047 3994 1140 4041 Tuscos
1154 3991 1201 4041 sub
1215 3992 1264 4042 diei
1279 3993 1375 4045 initium
1392 3993 1535 4044 bombardae
1553 3993 1605 4043 ictu
1618 3993 1763 4045 uamumse
1782 4002 1861 4041 ειεναα

274 4065 443 4112 Ganouensem
466 4059 497 4110 ad
516 4061 608 4111 Galatas
622 4063 717 4124 portam
730 4059 849 4123 positam,
865 4073 922 4123 quae
939 4060 1065 4112 mercibus
1081 4065 1169 4111 onusta
1194 4062 1219 4111 in
1243 4063 1339 4114 italiam
1360 4063 1506 4127 navigatura
1519 4066 1580 4113 erat.
1594 4066 1650 4114 Jam
1664 4077 1742 4125 quum
1753 4058 1860 4112 narisilia

274 4131 409 4182 Genuensis
425 4131 510 4196 procul
530 4131 605 4181 dubio
622 4131 707 4182 ουδσιιι
727 4131 771 4192 sit,
782 4145 857 4194 quam
867 4132 960 4194 iactos
976 4132 1038 4182 colle
1054 4132 1148 4183 Galatae
1162 4133 1242 4196 lapide
1253 4135 1327 4185 iunci
1342 4134 1462 4185 delevisse
1472 4134 1591 4184 dicuntur
1603 4134 1661 4184 biaii
1676 4148 1710 4184 m.
1725 4131 1765 4184 die
1782 4130 1860 4194 quinio

274 4199 390 4265 (Barbar.
407 4215 431 4264 p.
443 4206 483 4251 35.
496 4200 553 4250 vid.
564 4200 679 4264 supraad
693 4213 746 4263 cap.
759 4205 806 4262 38),
816 4201 946 4251 Justirriani
959 4201 1079 4265 expeditio
1089 4203 1223 4253 secundum
1233 4205 1310 4254 buco
1321 4204 1484 4255 narrationem
1496 4203 1607 4265 ejusdem
1623 4204 1716 4254 mensis
1724 4202 1773 4252 diei
1783 4202 1862 4264 ιςιιντίν

277 4269 424 4322 vindicanda
433 4270 505 4320 toret.
518 4270 603 4320 Pontis
616 4270 778 4332 constructio,
787 4285 860 4334 quarn
874 4272 989 4336 deinceps
1006 4275 1089 4323 Ducas
1104 4277 1203 4330 narrat,
1218 4287 1268 4323 see.
1280 4273 1414 4326 Barbarum
1429 4274 1535 4338 pertinet
1549 4273 1581 4324 ad
1593 4274 1660 4324 diem
1679 4267 1862 4324 nuntiabunt

276 4346 360 4394 autern
375 4342 451 4393 rerba
467 4342 489 4393 εί
499 4356 597 4407 premas
611 4343 644 4405 (c.
657 4345 697 4403 15,
718 4342 750 4406 1),
768 4343 901 4394 iustiniani
918 4357 1036 4395 conamen
1056 4344 1086 4394 ad
1105 4344 1171 4394 diem
1188 4347 1252 4394 xliv
1263 4359 1297 4395 ou
1316 4349 1390 4397 xxvi
1411 4345 1469 4395 Maii
1489 4340 1643 4396 r‘eierendum
1664 4345 1735 4396 ioret.
1757 4343 1863 4395 meeum

276 4413 384 4477 reputari
401 4412 474 4462 velim
490 4411 550 4462 nibil
562 4412 629 4476 apud
641 4412 797 4463 critobulunn
805 4416 831 4463 et
844 4416 939 4463 Ducam
950 4414 997 4478 tegi
1008 4413 1040 4464 ‹ie
1048 4414 1141 4465 Jacubo
1153 4417 1219 4464 coco
1230 4418 1337 4477 veneto,
1350 4415 1392 4478 qui
1405 4415 1494 4480 Aprilis
1506 4413 1546 4466 δίε
1565 4414 1682 4466 vicesimo
1694 4419 1782 4465 oetam
1795 4421 1862 4461 nares

275 4481 389 4533 aTurcis
399 4481 424 4531 in
434 4484 532 4546 portum
543 4482 700 4532 transductas
711 4481 840 4532 incendere
853 4482 972 4546 tentavit,
988 4483 1031 4534 sed
1045 4497 1108 4533 ausu
1121 4483 1225 4543 excidit,
1238 4499 1315 4548 quum
1327 4485 1454 4536 consilium
1470 4485 1507 4535 rei
1518 4497 1533 4534 a
1545 4484 1715 4535 Genuensibus
1727 4477 1862 4535 Μσσλιοιοσθ

274 4553 400 4617 proditum
413 4554 479 4603 esset
499 4555 526 4602 et
544 4552 613 4602 navis
631 4551 689 4604 θοαί
706 4552 847 4603 bennatus
860 4552 942 4617 lapide
960 4554 1112 4618 frangeretur
1123 4557 1162 4614 (v.
1179 4554 1302 4605 Barbarus
1315 4569 1340 4620 p.
1353 4561 1392 4617 19,
1405 4557 1527 4606 Pascuius
1545 4559 1570 4616 4,
1590 4558 1635 4605 ort
1654 4568 1725 4618 squ,
1739 4553 1863 4603 Pbrantaes

275 4636 301 4687 p.
318 4628 373 4680 259.
393 4622 534 4673 Leonardus
545 4635 569 4686 p.
584 4625 638 4673 324.
649 4623 687 4673 Gi.
701 4623 775 4672 etiam
794 4622 1003 4688 ebalcocondyias
1019 4638 1047 4688 p.
1063 4627 1117 4683 8³7,
1134 4624 1180 4687 17).
1193 4627 1252 4675 Hssc
1267 4625 1301 4675 ita
1316 4631 1456 4690 comparata
1477 4629 1547 4686 sunt,
1560 4628 1589 4675 ui
1608 4636 1768 4688 magniacum
1782 4620 1864 4686 pmba·

275 4692 376 4743 bilitatis
392 4692 471 4756 specie
485 4692 617 4742 Ellissenus
627 4692 643 4742 1.
655 4691 674 4741 l.
686 4705 710 4755 p.
725 4697 755 4742 67
767 4693 898 4756 conjecerit
915 4693 1024 4755 ejusdem
1042 4693 1076 4743 rei
1092 4693 1233 4744 memoriam
1245 4695 1363 4745 variatam
1376 4696 1477 4746 subesse
1490 4696 1521 4745 iis
1533 4708 1590 4758 quae
1600 4694 1631 4744 de
1641 4693 1778 4744 iustiniano
1790 4690 1865 4740 narrtl

278 4764 374 4823 Ducas.
391 4762 431 4813 cui
445 4776 510 4812 nunc
521 4761 648 4812 addendus
661 4761 811 4813 critobulus.

307 4835 383 4883 XLV.
406 4834 443 4883 De
456 4833 504 4882 troc
518 4833 637 4883 miraculo
650 4832 715 4895 apud
733 4836 829 4883 eeteros
849 4834 981 4897 scriptores
998 4835 1057 4885 nibil
1071 4835 1167 4898 legitur.
1180 4837 1311 4897 imaginem
1327 4836 1432 4900 intellige
1453 4835 1565 4900 Deiparoe
1584 4841 1624 4892 τῆς
1642 4833 1792 4897 δδηγητρίατ,
1806 4828 1864 4879 tele-

279 4901 412 4954 berrimunr
423 4903 492 4954 urbis
504 4902 651 4968 palladium,
661 4901 694 4952 de
706 4916 756 4965 quo
768 4904 825 4954 vide
838 4904 992 4967 Ducangiunr
1002 4906 1027 4955 in
1038 4907 1122 4956 Consi.
1136 4906 1227 4957 christ.
1238 4907 1280 4957 lib.
1292 4911 1307 4956 4
1319 4921 1344 4971 p.
1357 4912 1389 4957 90
1401 4921 1440 4970 sq.
1455 4909 1480 4957 et
1493 4906 1593 4956 Filissen
1603 4906 1630 4956 in
1642 4907 1695 4955 not.
1709 4903 1741 4953 ari
1751 4898 1867 4952 nuruum

280 4973 406 5024 Constant.
426 4974 442 5025 l.
462 4974 480 5025 l.
503 4988 528 5038 p.
547 4981 601 5025 161.
616 4976 730 5026 ceterum
748 4975 859 5026 solennes
874 4989 976 5040 pompas
990 4977 1180 5041 supplicantium
1192 4981 1251 5029 tunc
1263 4992 1308 5042 per
1319 4980 1409 5029 urbem
1427 4977 1610 5042 perambulasse
1623 4979 1725 5026 narrant
1741 4972 1866 5023 annuae

279 5056 303 5106 p.
315 5045 368 5105 271,
379 5047 394 5093 θ
406 5044 476 5107 (μετὰ
490 5050 538 5094 τῶν
550 5045 624 5107 δηίων
639 5046 680 5093 καί
696 5050 791 5094 σεττῶν
800 5045 896 5095 εἰκόνων
908 5048 948 5095 καί
962 5052 1009 5095 τῶν
1022 5047 1091 5097 θείων
1112 5047 1289 5111 δκτυπωμάτων
1304 5051 1371 5112 ίερεῖς
1390 5049 1430 5097 καί
1445 5050 1560 5111 μοναχοί,
1572 5046 1680 5107 γυναῖκάς
1694 5060 1720 5093 τε
1732 5045 1773 5092 καί
1790 5038 1866 5090 παιδία

279 5111 338 5171 porri
344 5112 450 5175 δακρύων
460 5114 498 5163 διὰ
507 5119 554 5163 τῶν
562 5118 648 5176 τειχῶν
657 5118 698 5172 τῆς
707 5113 797 5172 πόλεως
805 5114 980 5180 περιερχόμενοι
989 5117 1017 5166 τό
1027 5118 1091 5181 κύριε
1101 5117 1197 5175 δλίησον
1207 5119 1266 5180 μετά
1272 5120 1377 5181 δακρύων
1387 5114 1502 5181 όκρσῑον).
1509 5116 1606 5166 Priscill-
1614 5119 1639 5175 4·
1649 5120 1694 5166 ²²⁹
1702 5114 1866 5174 (mamilli

282 5181 322 5228 ἰσι·
334 5178 497 5245 omnemque
507 5183 649 5233 uerendum
660 5183 821 5246 supplicibus
831 5188 942 5247 portent
951 5187 1076 5249 occuper
1083 5188 1190 5248 moentu,
1199 5187 1267 5249 ete),
1273 5185 1414 5238 Leonardus
1422 5200 1446 5250 p.
1457 5189 1512 5236 ³³0.
1524 5185 1560 5236 ct.
1569 5187 1651 5234 buces
1659 5196 1683 5247 p.
1693 5184 1748 5235 2⁷2.
1759 5183 1866 5231 iiamruer

279 5249 296 5300 l.
309 5248 327 5300 Ι.
340 5254 362 5310 1,
375 5262 399 5312 p.
413 5254 468 5302 bit.
483 5252 494 5314 ΙΙ
510 5279 539 5292 -
552 5252 567 5316 §
580 5258 601 5302 1.
617 5253 772 5319 βαρυνσμίνη]
788 5257 848 5306 iisse
860 5269 908 5308 τοι
921 5256 1049 5321 νυμφίοισι
1060 5257 1085 5307 iu
1099 5257 1237 5323 marginei
1253 5257 1781 5323 -ςιαρσσιντις]ε1σιιισ.νςιτρσσηνα
1794 5265 1829 5302 m.
1845 5251 1865 5296 l·
