3842 6036
384 524 626 591 MEOEZMETIS
647 530 776 592 ANNUS
797 532 861 592 XV.
883 535 962 595 6973
984 533 1170 612 (noa-1465
1192 534 1229 596 Ρ.
1249 532 1308 613 (L).
1597 541 1650 599 1³5

64 667 138 741 δορᾶς,
149 660 261 736 λα’μπων
277 683 307 720 τε
320 662 433 741 καθαρός
453 661 500 720 καῖ
513 660 604 743 νέφους
616 662 701 738 ίκτδς,
720 661 814 740 αίφνης
864 630 976 725 ’ὁδαίτων
990 665 1102 747 ἀφθονίφ
1125 665 1325 747 περιρρεόμενον
1343 666 1471 729 ποίντοθιν
1491 671 1602 750 ψυχρῶν
1618 692 1647 729 τε

6 812 8 823 ,
64 747 208 824 μιταδαλδιν
230 749 370 821 ίσκοτίσθη
390 752 437 809 καὶ
460 748 624 830 ἠμαυρώθη,
640 752 687 810 καὶ
705 752 735 811 τό
752 746 819 820 εἶδος
872 753 919 813 καί
937 754 1056 832 ποτίμων
1085 754 1132 814 καί
1151 756 1268 828 διεεδιῦν,
1286 753 1333 814 καί
1354 755 1447 817 ἀλσεσι
1469 758 1515 818 καί
1534 761 1648 833 λειμῶσι

6 836 8 853 ²
67 841 136 899 τὸτοῦ
154 837 266 919 έμειφεν
289 841 325 906 ώς
345 839 372 906 ἀς
391 841 493 919 χαλκοῦ
515 839 625 915 μιλανος
642 838 750 920 χροιδν,
774 840 819 901 καλ
873 843 1020 911 καλλίστοις
1033 842 1224 923 ἐμπρέποντας,
1243 842 1282 903 ίτι
1296 842 1324 902 δλ
1341 843 1449 924 ὀρνίθων
1462 844 1571 922 ἀγέλαις
1585 848 1648 906 ίδω·

6 1248 8 1271 ί

63 928 137 1004 γέγονε
157 925 271 1007 ζοφώδης
285 925 344 993 ὁλος
366 927 412 986 καῖ
425 925 523 1003 μέλας,
541 927 571 985 ού
591 927 704 986 κατὰτὸ
724 928 814 995 είωθδς
873 930 956 1007 ὀίμων
969 931 1129 1013 καλῷδικεῗιν
1150 930 1354 1010 καταύοώμανοί
1371 954 1401 991 τι
1423 932 1470 992 καί
1483 935 1644 1010 περιλαλού·

61 1016 140 1096 ώστερ
155 1015 247 1082 ἐνταῖς
267 1014 431 1095 ἐκλείψεων·
445 1015 475 1074 ού
489 1013 540 1092 γὰρ
555 1005 588 1087 ἦν
603 1013 720 1097 ἔκλειψις
741 1017 816 1076 τότε·
874 1044 947 1097 μενοι
956 1021 1097 1094 πάντοθεν,
1110 1018 1157 1078 καλ
1166 1017 1242 1099 ζῴων
1250 1017 1358 1100 ἡμέραιν
1371 1043 1401 1080 τε
1414 1018 1461 1078 καί
1472 1021 1571 1097 ἀγρίων
1582 1021 1645 1097 γένη

64 1105 114 1162 ἀλλ’
128 1106 198 1163 ἄλλον
214 1101 275 1162 τινδι
288 1102 386 1184 τρόπον
404 1099 579 1176 καινότατον,
593 1102 685 1182 ὥσπερ
706 1105 820 1183 ὁμίχλης
873 1107 1648 1215 τρίφοντις,καλπολλοῖςάλλοιςκαλθιαφόρορςώραῖζόμενοί

6 1190 7 1225 ³
64 1192 123 1257 τινός
132 1191 241 1275 ηνίροος
256 1191 410 1272 ἀχλυώδους
422 1190 468 1250 καὶ
482 1196 617 1251 σκοτεινοῦ
629 1193 821 1272 ὑποτρέχοντος
874 1197 961 1259 τεκαὶ
973 1199 1107 1273 κομῶντες
1121 1197 1231 1267 καλοῖς,
1246 1195 1296 1256 ὀαα
1313 1196 1412 1271 κόσμον
1430 1198 1484 1257 οιδε
1498 1199 1586 1279 φέρειν
1600 1198 1647 1257 καὶ

6 1300 8 1325 ι
63 1279 182 1339 αῦεδνκαί
193 1280 410 1355 ὀπηλογάζοντος,
420 1277 465 1337 καλ
479 1279 628 1356 διαγέγονεν
643 1282 670 1339 έν
682 1279 752 1360 τρισί
764 1281 822 1349 ταῖς
874 1284 964 1367 τέρψιν
984 1289 1053 1362 ὁμοῦ
1070 1284 1117 1345 καί
1130 1284 1227 1357 ἡδονὴν
1239 1285 1286 1344 καί
1302 1286 1467 1345 ἀπολαυσιν·
1487 1287 1557 1347 οῦτοι
1572 1290 1645 1368 φιλο-

6 1536 8 1555 ι

6 1560 8 1575 ι

6 1586 7 1595 ι

67 1368 131 1434 ὁλαις
140 1369 239 1448 ημίραις
248 1368 296 1427 καὶ
307 1367 363 1436 νυξὶ
377 1367 447 1434 ίοαις
455 1372 571 1436 τοιοῦτος
585 1367 632 1427 καί
643 1366 678 1427 ών
694 1368 740 1428 καὶ
752 1379 820 1429 πᾶσι
875 1375 958 1454 τέμοις
969 1397 997 1434 τε
1005 1373 1050 1433 καί
1057 1376 1209 1440 πολυτελῶς
1219 1373 1370 1453 ίξείργαστο
1378 1379 1462 1434 ταῦτα
1477 1379 1514 1455 τῷ
1530 1379 1646 1454 βασιλεῖ.

67 1455 309 1536 φαινόμενσς.·Τοῦτο
330 1455 408 1535 τέρας
424 1479 453 1514 τι
475 1455 546 1532 μίγα
561 1455 608 1515 καί
623 1457 765 1534 θεοσημεία
779 1480 820 1526 τις
915 1465 950 1524 Χ.
978 1461 1188 1543 Παραχειμάσας
1211 1453 1254 1522 οῦν
1281 1464 1308 1520 ίν
1339 1461 1441 1531 τούτοις
1471 1465 1487 1521 ὁ
1510 1463 1649 1542 βασιλεὺς,

64 1546 168 1625 ἀνακρος
178 1543 247 1614 ίόοξε
261 1554 345 1604 πᾶσιν
358 1548 384 1612 ές
398 1544 429 1604 τό
442 1544 538 1618 μίλλον
553 1544 658 1623 μεγάλα
673 1545 743 1604 κακὰ
756 1569 821 1624 προ·
876 1548 967 1622 ἀπειδὴ
987 1550 1034 1627 ἔαρ
1050 1549 1190 1630 ὁπέφαινιν
1211 1549 1277 1622 ἤδη,
1292 1546 1401 1629 ώρμησε
1418 1549 1466 1627 μέν
1485 1551 1511 1618 ίς
1535 1552 1648 1629 ἐκστρα-

6 1646 7 1673 ³
64 1630 218 1711 φοιόιίζουσα·
233 1634 251 1694 ἀ
265 1633 300 1706 δὴ
313 1632 360 1694 καί
370 1634 427 1710 μετ’
439 1630 528 1712 ὀλίγον
539 1635 750 1707 ίπηκολούθηστ.
764 1634 820 1696 Καί
875 1637 966 1711 τιίαν,
981 1636 1026 1696 κἀί
1041 1636 1252 1716 παρεσκευάζετο
1267 1636 1312 1694 ὀπὶ
1329 1641 1418 1696 τοῦτο.
1439 1637 1599 1713 Αίσθόμενος
1621 1638 1649 1697 δέ

6 1768 8 1817 ι

6 1828 8 1893 ί

7 3380 9 3427 Ι

7 3430 9 3467 ι

6 1716 8 1763 ί
61 1724 128 1779 τοῦτο
139 1720 227 1797 μέντοι
241 1727 372 1782 τοιοῦτον.
875 1725 934 1794 τοὺς
945 1725 1107 1805 στρατιώτας
1118 1727 1330 1803 ἀγανακτοῦντας
1344 1724 1391 1784 καὶ
1404 1724 1453 1797 τὴν
1468 1725 1535 1784 ίδίαν
1551 1726 1648 1799 αὐλὴν,

95 1810 140 1870 lx.
154 1808 283 1876 Βασιλεὺς
303 1808 332 1868 δέ
347 1807 557 1889 παραχειμείζων
575 1809 603 1868 ίν
618 1811 754 1892 Βυζαντίῳ
768 1814 821 1870 τῶν
876 1815 1074 1891 κεκακωμένους
1087 1837 1115 1873 τε
1130 1812 1178 1873 καῖ
1190 1811 1472 1894 τιταλαιπωρημίνους
1482 1815 1516 1873 τδι
1531 1816 1648 1892 μαλιστα

63 1922 86 1957 τι
101 1900 181 1958 ἄλλων
194 1899 362 1977 ίπιμέλετο,
382 1898 451 1977 φημὶ
469 1897 502 1969 δὴ
516 1901 569 1956 τῶν
590 1898 616 1965 ίς
633 1896 779 1972 ξυνοίκησίν
793 1921 822 1957 τε
875 1913 933 1972 ταῖς
944 1905 1054 1984 συχναῖς
1067 1924 1097 1963 τε
1111 1903 1158 1963 καί
1173 1909 1287 1984 μακραῖς
1299 1900 1458 1982 ὁδοιπορίαις
1472 1903 1518 1962 καὶ
1537 1906 1648 1982 ίκστρα·

62 1986 99 2044 1τῖ
110 1988 270 2059 κατασκευὴν
283 1986 330 2047 καί
342 1986 443 2065 κόσμον
456 1989 505 2057 τῆς
516 1985 709 2064 ὅληςπόλῑως,
722 1985 768 2046 καί
786 1986 819 2059 δὴ
876 1993 975 2071 τείαις,
992 1994 1037 2051 καλ
1056 1992 1097 2051 ἀεὶ
1112 1994 1139 2052 ίν
1158 1989 1321 2068 ἀποδημίαις
1339 1989 1416 2059 ὄντας
1433 1991 1580 2071 ὑπερορίοις
1602 1992 1648 2051 καί

61 2075 100 2133 ατί
109 2075 138 2135 τδ
148 2076 269 2155 βασίλεια
293 2073 425 2144 ἐξετέλεσε
431 2119 441 2154 ,
454 2074 549 2155 χρῆμεί
570 2098 597 2133 τι
615 2075 756 2136 κιίλλιστον
775 2075 823 2135 καί
875 2080 980 2155 πόνοις,
994 2080 1041 2141 καί
1054 2078 1142 2140 πάντα
1159 2078 1194 2139 τδ
1217 2080 1316 2138 ὁαυτῦιν
1338 2078 1506 2146 ἀπολλύντας
1525 2080 1572 2139 καί
1593 2084 1650 2140 σώ-

63 2167 105 2221 εῦν
123 2167 147 2232 ἐς
166 2165 226 2225 θίαν
241 2163 291 2225 καὶ
316 2163 406 2245 τέρψιν
429 2169 496 2243 ὁμοῦ
515 2163 561 2223 καί
583 2165 750 2241 κατασκευὴν
776 2166 822 2227 καί
877 2191 951 2244 ματα
971 2167 1017 2227 καί
1035 2166 1165 2247 χρήματα
1187 2166 1234 2225 καί
1252 2163 1351 2234 ἵππους
1368 2165 1414 2226 καλ
1438 2164 1581 2244 ὁποζύγια,
1605 2166 1653 2225 καλ

60 2251 141 2319 καλλος
154 2252 256 2320 ολδενός
271 2252 421 2329 λειπόμενα
438 2257 491 2313 τῶν
506 2254 662 2330 ὀνομαστῶν
683 2254 730 2314 καὶ
752 2257 823 2332 λαμ·
878 2258 967 2316 πάντα
981 2255 1078 2336 τρόπον
1095 2254 1278 2338 φθειρομένους
1303 2276 1332 2313 τι
1354 2255 1401 2313 καί
1422 2259 1652 2334 κακοπαθοῦντας,

63 2344 124 2419 τρῦν
139 2342 182 2400 καί
195 2343 227 2415 δὴ
242 2341 292 2402 καὶ
311 2342 435 2400 παλαιῶν
453 2341 673 2418 οἰκοδομημάτων
696 2343 743 2403 καί
762 2350 824 2403 θεα·
877 2344 973 2426 ἀνέσχε
992 2348 1039 2416 τῆς
1058 2348 1156 2423 ὁρμῆς·
1176 2341 1223 2402 καί
1247 2341 1325 2410 αύτός
1348 2344 1362 2400 ὁ
1385 2340 1509 2422 βασιλεῦς
1531 2365 1652 2401 κεκοπω-

61 2430 151 2502 μα’τιιν·
162 2431 256 2512 πύργοι
271 2451 304 2488 τε
317 2428 369 2508 γάφ
382 2432 409 2489 έν
428 2430 519 2510 αὐτοῖς
530 2429 701 2509 ᾠκοδόμηντο
714 2433 740 2500 ἀς
755 2431 821 2513 ῦψος
878 2434 955 2511 μένος
968 2456 997 2493 τε
1012 2432 1059 2491 καὶ
1072 2427 1315 2510 κατατετριμμίνος
1328 2427 1388 2495 δλος
1403 2429 1449 2488 καί
1463 2429 1589 2505 τδσώμα
1603 2428 1648 2488 καὶ

62 2538 85 2575 τε
104 2519 202 2597 ἠρμένοι
219 2518 268 2579 καί
296 2519 322 2585 ές
341 2519 438 2587 καλλος
457 2516 504 2577 καλ
527 2516 635 2595 μέγεθος
659 2521 822 2596 ἠσκημένοι,
877 2522 926 2596 τὴν
939 2519 1049 2601 γνώμην
1063 2519 1117 2580 ὁπό
1133 2542 1162 2579 τε
1174 2508 1227 2579 τῶν
1250 2516 1366 2597 ξυντχῶν
1386 2520 1432 2577 καί
1447 2519 1590 2578 ἀνενδότων
1608 2522 1652 2578 λο-

62 2607 240 2686 εαὶάνδριῦνις
254 2606 306 2667 καὶ
317 2615 506 2685 γυναικωνῖται
517 2606 563 2666 καί
573 2607 688 2684 θαίλοιμοι
698 2607 825 2686 τρίκλινοί
877 2615 981 2691 γισμῦιν
1002 2632 1031 2669 τε
1050 2607 1096 2668 καί
1117 2608 1260 2689 φροντίδων
1285 2605 1399 2665 καὶτῶν
1427 2606 1546 2684 ἀτρύτων
1567 2606 1653 2667 πόνων

62 2716 85 2751 ³¹
96 2694 260 2763 Ἀίῑῡῑτῦνκ
267 2693 446 2772 mmmm
455 2694 625 2755 πλεῖστακαί
635 2694 767 2756 κάλλιστα
777 2696 823 2755 καὶ
879 2700 925 2759 καί
938 2698 1063 2758 κινδύνων
1078 2696 1124 2756 καί
1136 2698 1300 2777 πιιρασμιῦν,
1314 2695 1471 2766 ἀναπαύλης
1487 2697 1550 2772 γοῦν
1570 2695 1653 2754 ὀδεῖτο

61 2783 156 2843 οίείσκοι
169 2784 307 2864 διάφοροι,
328 2782 367 2844 ἔτι
379 2782 407 2842 δέ
422 2782 550 2865 πρόθυμοί
565 2806 593 2843 τε
617 2782 664 2843 καί
681 2784 765 2843 αῦλαί
778 2784 824 2844 καὶ
879 2784 1039 2865 προσκαίρου
1063 2784 1110 2844 καλ
1133 2781 1281 2864 θεραπείας.
1326 2781 1363 2862 (ε)
1392 2782 1443 2843 Διά
1465 2788 1541 2843 τοῦτο
1566 2782 1653 2859 μένειν

62 2873 173 2948 τρεσόλια
185 2873 231 2931 καὶ
247 2874 370 2939 πυλῶνες
386 2870 432 2932 καί
446 2870 565 2953 πρόθυρα
578 2871 624 2932 καί
634 2874 763 2933 ὀπτανεῖα
778 2875 825 2935 καί
879 2874 986 2954 ίγνώκει
998 2875 1050 2933 δεῖν
1063 2871 1109 2932 καί
1125 2873 1302 2931 διαναπαῦσαι
1312 2871 1404 2931 ίαυτόν
1415 2893 1443 2930 τε
1455 2871 1500 2930 καί
1512 2869 1557 2942 την
1573 2894 1653 2949 στρα-

62 2959 223 3040 λοιτφδλόγου
236 2957 314 3033 ἀξια,
326 2959 518 3040 καὶπερίύολος
529 2960 652 3041 μέγιστος
666 2966 680 3022 ὁ
692 2962 825 3042 περιέχων
879 2962 938 3022 τιθιν
962 2969 1008 3023 τοῦ
1025 2963 1165 3025 ὀνεστῶτος
1180 2958 1284 3038 θέρους,
1299 2962 1334 3025 ώς
1353 2958 1384 3018 ἀν
1398 2958 1437 3018 ἔτι
1451 2983 1482 3036 γε
1496 2964 1543 3019 τοῦ
1558 2961 1651 3018 λοιποῦ

60 3048 125 3106 τίτί·
148 3047 182 3127 (ε)
201 3048 219 3107 δ
232 3048 343 3126 πάντα,
356 3037 425 3128 ᾗπερ
437 3048 519 3127 ἔφην,
533 3048 559 3115 ἔς
569 3072 598 3109 τε
612 3050 746 3110 ποικιλίαν
760 3055 825 3127 ὁμοῦ
878 3050 1048 3132 νεαρωτίροις
1061 3047 1140 3109 τεκαὶ
1152 3046 1418 3128 προθυμοτέροιςίχοι
1430 3051 1578 3127 κεχρῆσθαι
1590 3047 1654 3126 πρὸς

61 3134 99 3194 καὶ
106 3136 247 3203 κέλλοςκαὶ
254 3137 367 3215 μέγεθος
381 3136 605 3198 καίπολυτέλειαν
612 3136 825 3222 ἤσκητο,χρυσῷ
879 3140 914 3200 τά
931 3140 1012 3200 λοιπὰ
1030 3142 1082 3197 τῶν
1099 3137 1196 3218 ίργων.
1217 3135 1272 3197 Καί
1292 3135 1324 3208 δὴ
1343 3135 1418 3205 δόξαν
1437 3135 1521 3209 ούτω,
1540 3135 1589 3208 τὴν
1603 3137 1653 3215 μίν

61 3226 179 3305 τετολλῷ
195 3226 242 3285 καί
263 3223 373 3304 ἀργύρῳ
394 3223 618 3305 περιλαμπόμενοί
636 3248 665 3283 τε
681 3225 726 3284 καὶ
742 3249 826 3286 κατα·
881 3231 964 3301 ἀλλην
979 3225 1104 3306 στρατιὰν
1121 3224 1291 3302 πολυτρόπως
1311 3224 1499 3304 δωρησάμενος
1518 3221 1650 3295 ἀπέλυσε,

60 3314 231 3391 πραττόμενα
254 3311 403 3388 ποίντοθεν,
420 3313 516 3374 έσωθέν
539 3336 570 3373 τε
590 3313 637 3374 καί
657 3313 765 3386 ἔξωθεν,
779 3315 825 3375 καί
880 3325 934 3383 τοῖς
948 3314 996 3393 μὲν
1009 3314 1121 3385 ἵππους,
1137 3312 1190 3378 τοῖς
1209 3310 1236 3370 δδ
1251 3313 1379 3389 ἐσθῆτας,
1397 3312 1450 3379 τοῖς
1468 3310 1655 3391 δίχρήματα,

60 3401 128 3460 λίθων
139 3404 277 3483 ὁιαφανῦιν
287 3399 333 3459 καί
346 3386 495 3481 μορμύρων
512 3402 646 3482 διαφόροις
661 3399 784 3478 ἀγλαΐαις
796 3427 825 3463 τε
880 3413 934 3472 τοῖς
948 3403 976 3463 δὲ
987 3404 1052 3463 ἄλλο
1060 3425 1087 3460 τι
1097 3397 1237 3473 διαδιδούς,
1247 3397 1308 3467 τούς
1323 3399 1346 3457 δ’
1360 3397 1413 3457 ἀπδ
1426 3401 1473 3470 τῆς
1487 3398 1554 3464 ἰδίας
1565 3397 1656 3467 αὐλῆς,

62 3488 98 3545 καὶ
105 3500 200 3569 χροιαῖς
214 3488 266 3549 καλ
279 3488 423 3556 ποικιλίαις
437 3490 638 3568 κεκοσμημένα,
656 3491 826 3564 στιλπνότητι
881 3493 925 3559 οθς
944 3491 1076 3564 ἠπίστατο
1100 3487 1253 3570 φιλοπόνους
1275 3509 1305 3546 τε
1329 3485 1375 3545 καλ
1397 3482 1590 3566 φιλοκινδύνως
1610 3484 1656 3541 καὶ

60 3575 98 3635 καί
113 3579 226 3652 λειότητι
242 3576 294 3637 καὶ
311 3576 430 3657 διαυγιίφ
448 3577 599 3652 νικώντων,
619 3578 666 3638 καί
690 3579 826 3662 τίχνητῇ
881 3578 1037 3647 σπουδαίους
1057 3577 1103 3636 καὶ
1130 3576 1278 3657 χρησίμους
1306 3582 1360 3642 τοῖς
1379 3574 1447 3641 όλοις
1473 3575 1518 3633 καλ
1546 3572 1656 3651 ἀγαθοὺς

7 3690 8 3715 ι
62 3665 178 3745 τρύτητε
192 3667 239 3725 καλ
255 3665 390 3745 καλλίστη
406 3665 449 3724 διδι
466 3667 572 3726 πάντων
586 3666 729 3747 φιλοτίμως
744 3667 826 3748 ὀξειρ-
882 3662 995 3744 ἀνδρας,
1015 3666 1062 3724 καί
1083 3673 1173 3741 τιμαῖς
1192 3670 1250 3730 ταῖς
1275 3662 1437 3743 πρεπούσαις
1459 3661 1583 3740 ίτίμησε,
1610 3660 1655 3719 καί

7 3846 9 3873 Ι

7 3882 9 3913 ί

7 3762 8 3823 ἶ
62 3754 186 3830 ηεσμίνα,
208 3754 261 3827 ὁαη
289 3778 319 3813 τε
338 3755 454 3835 γλυφικὴ
480 3756 526 3814 καί
546 3756 681 3829 πλαστικὴ
706 3756 751 3815 καί
775 3757 825 3831 όση
881 3755 977 3831 ἀρχαῖς
994 3754 1040 3811 καί
1062 3753 1153 3832 δώροις
1172 3753 1306 3832 λαμπροῖς
1320 3749 1366 3811 καί
1383 3752 1488 3817 πολλοῖς
1507 3751 1657 3815 οίλλοιςκα-

63 3844 164 3921 γραφικὴ
182 3845 321 3917 νενίκηκεν
341 3835 410 3903 εἶναι
433 3844 528 3926 ἀρίστη
549 3844 597 3905 καί
619 3845 747 3917 καλλίστη
774 3849 826 3903 τῶν
881 3843 949 3921 λοῐς,
964 3842 1088 3922 προείγων
1102 3838 1328 3921 καλπροῦιύοίζων
1341 3838 1432 3907 αὐτοὺς
1447 3839 1491 3898 ἐπὶ
1511 3838 1545 3897 τά
1562 3838 1655 3915 πρόσω

64 3926 175 4007 ἀπασῶν,
190 3931 231 3991 ίτι
245 3933 276 3992 δὲ
288 3930 415 4012 μολύόδῳ
430 3956 458 3991 τε
472 3934 563 4013 πολλῷ
577 3932 623 3991 καὶ
637 3937 712 4011 βαθεῖ
727 3932 777 3992 ὁλα
792 3935 827 3992 δι’
882 3929 914 3989 δι’
925 3931 1032 4009 ἀρετήν.
1076 3931 1109 4009 (υ)
1121 3928 1177 3990 Καί
1188 3929 1294 3997 τούτους
1308 3926 1356 4006 μίν
1365 3928 1434 3987 οὕτω
1446 3928 1561 4005 τιμήσας
1572 3949 1600 3984 τι
1611 3926 1657 3985 καὶ

64 4018 333 4096 όλανπετυκασμένα
348 4043 378 4078 τε
392 4020 583 4100 καὶξυιηρεφῆ
595 4020 641 4079 καί
659 4020 827 4099 κατοίστεγα,
882 4018 1067 4100 δωρησάμενος
1089 4017 1275 4097 πολυτρόπως,
1301 4008 1369 4096 ᾗπερ
1395 4016 1476 4097 ἔφην,
1508 4013 1653 4074 ἀπέλυσεν·

7 4166 8 4175 ,
62 4105 101 4163 καὶ
112 4108 212 4187 μυρίαις
227 4109 324 4175 ἄλλαις
337 4110 510 4187 λαμπρότησί
524 4131 553 4168 τε
564 4107 611 4167 καί
625 4107 718 4187 χόρισι
730 4110 828 4167 καλλυ·
884 4108 999 4175 αὐτθςδέ
1015 4107 1113 4186 διοίγων
1127 4110 1153 4165 ἐν
1174 4105 1309 4185 Βυζαντίῳ
1329 4107 1434 4187 θέρους,
1451 4109 1504 4165 τῶν
1519 4103 1567 4183 μλν
1591 4105 1657 4183 ὑπὲρ

61 4194 199 4267 *ἱμενακαί
216 4198 400 4274 κοσμούμενα
445 4202 479 4278 (ε)
494 4200 524 4259 οό
536 4197 617 4274 μόνον
633 4198 679 4274 δέ,
695 4198 765 4259 ἀλλά
780 4203 826 4259 καλ
881 4201 929 4266 τῆς
950 4195 1051 4263 πόλεως
1068 4194 1211 4278 φροντίδων
1228 4196 1276 4254 οῦκ
1293 4195 1404 4273 ἠμέλει,
1432 4193 1545 4267 ίυνήθως
1559 4198 1607 4253 τοῦ
1626 4217 1655 4253 τί

7 4276 8 4295 ³
61 4285 203 4361 παράδεισοι
224 4286 287 4364 περὶ
301 4286 578 4365 αύτδικατιικέχυνται
592 4286 682 4367 κύκλῳ
702 4287 824 4365 μέγιστοί
885 4283 1051 4363 ξυνοικισμοῦ
1065 4285 1257 4367 αὐτῆς,φημί,
1274 4286 1319 4342 καί
1334 4288 1380 4356 τῆς
1395 4283 1478 4356 ἄλλης
1490 4287 1655 4352 κατασκευῆς

60 4390 86 4425 τι
97 4371 138 4428 καῖ
153 4375 310 4444 καλλεστοι,
325 4375 457 4457 διαφόροις
476 4398 505 4434 τε
521 4374 567 4435 καλ
580 4373 715 4442 παντοίοις
732 4381 822 4457 φυτῶν
880 4398 910 4434 τε
923 4374 968 4435 καὶ
980 4374 1141 4454 βελτιώσεως
1148 4374 1215 4451 ἄγαν
1223 4373 1425 4450 ἐπιμελόμενος.
1467 4373 1501 4453 (ελ
1511 4371 1658 4451 Ἐσχόλαζε

8 4500 9 4503 ,
63 4456 133 4516 εἴδεσι
147 4463 282 4540 βρύοντες,
303 4462 349 4521 καὶ
368 4471 479 4543 καρποῖς
501 4463 606 4539 ώραίοις
620 4461 754 4543 βρίθοντες
777 4464 824 4523 καί
882 4466 910 4523 δέ
924 4464 970 4525 καί
992 4463 1140 4545 φιλοσοφίᾳ,
1156 4462 1203 4536 ὁση
1224 4486 1253 4522 τι
1270 4461 1391 4543 Ἀράόωῦ
1407 4462 1452 4521 καὶ
1476 4464 1587 4541 Περσῶν
1611 4460 1656 4517 καί

89 4660 118 4710 λλ
140 4663 154 4726 §
168 4669 190 4716 1.
206 4667 244 4716 Τὰ
258 4668 370 4729 βασίλεια
385 4667 513 4731 ἐξετέλισε]
525 4665 649 4717 Palatium
666 4666 692 4717 in
703 4664 794 4717 veteris
812 4666 919 4729 Βγτκοιίῖ
934 4665 990 4716 Ιοω
1003 4665 1150 4716 aedificatum
1170 4665 1254 4727 (ἵειιί
1266 4662 1355 4726 Semi)
1375 4662 1407 4712 ad
1421 4662 1497 4712 finem
1509 4661 1657 4726 perductum

60 4733 194 4798 αοθθεφὶεω
205 4750 271 4786 anno
286 4739 331 4787 872
344 4740 422 4801 (14⁶7
434 4752 459 4803 p.
475 4738 530 4796 G.)‚
541 4740 651 4789 testante
663 4737 821 4801 inscriptione
837 4751 893 4800 ηοω
904 4751 980 4800 supra
988 4741 1085 4801 portam
1101 4736 1199 4801 legitur.
1219 4738 1251 4785 V.
1267 4737 1392 4785 Hammer.
1409 4733 1426 4783 l.
1443 4728 1460 4785 1.
1471 4739 1493 4791 2,
1507 4747 1531 4796 p.
1542 4736 1583 4782 97.
1601 4731 1659 4796 nq-

63 4802 97 4850 ¹⁸1
107 4804 198 4871 τέρψιν]
208 4807 266 4857 add.
277 4821 371 4872 margo.
384 4815 468 4872 ss—zt
481 4809 594 4875 ἠρμένοι]
608 4808 666 4859 add.
676 4821 768 4870 margo.
783 4807 794 4872 ΙΙ
809 4835 842 4846 -
853 4807 869 4871 §
880 4814 904 4859 3.
916 4808 1043 4874 βρίθοντες]
1055 4809 1173 4872 βρίθοντες
1191 4805 1246 4857 cod.
1265 4806 1347 4856 Possis
1365 4804 1439 4854 eliam
1460 4807 1587 4869 βρίζοντες.
1603 4804 1659 4867 λ-

64 4874 98 4922 ui
109 4875 186 4927 ίλαεαι
242 4879 375 4935 καλλίστας
388 4879 558 4945 ἐμπρέποντας]
570 4880 628 4931 add.
642 4893 707 4943 tngo.

90 4944 273 5009 -ῖ,ςι,11ε’νων
291 4948 347 5013 καὶ]
364 4948 423 4999 σεῖό.
434 4963 498 5014 tngo.
518 4951 529 5014 [Ι
542 4952 596 5015 -§
610 4956 696 5007 κτοις
717 4950 796 5014 ὅλοις]
808 4950 866 5002 add.
879 4966 944 5015 mgo.
968 4952 979 5016 ΙΙ
994 4979 1024 4988 -
1042 4951 1093 5015 §4.
1116 4949 1154 4999 Cf.
1170 4948 1286 4998 Nicolaus
1302 4944 1456 5010 &gundinus
1470 4944 1617 4996 Euboeensis
1634 4945 1658 4995 in

66 5015 177 5070 ormo„
195 5019 233 5070 ad
251 5032 336 5082 τορειιι
357 5020 518 5083 Αταρωιιιειι
532 5022 696 5087 Αἱρλοιιειιιιι
717 5022 963 5085 (Neapo1.,3osan.
982 5026 1071 5083 1453),
1095 5019 1126 5070 de
1148 5032 1263 5082 persona
1280 5019 1373 5069 Teucri
1388 5018 1483 5078 (Μοεῑι.
1498 5016 1537 5079 11)
1557 5019 1582 5065 et
1600 5016 1659 5078 ejus

63 5085 165 5148 natura,
176 5089 303 5147 ιιιοτὶὁυε,
315 5091 463 5151 mallem,
474 5092 660 5157 εαρλαιείὲἀϋει
672 5089 727 5142 cod.
738 5091 782 5140 lat.
797 5092 871 5144 Paris.
884 5098 955 5144 4504.
976 5108 1001 5143 ιι.
1022 5096 1060 5150 39,
1073 5091 1164 5141 οὶεαιιιο
1180 5088 1306 5139 θὶΙΙοῖευιι.
1320 5088 1345 5137 in
1363 5088 1465 5137 Νοθτεε
1484 5090 1509 5137 et
1521 5090 1589 5137 extr.
1614 5088 1660 5138 des

62 5163 116 5203 ποτ.
127 5160 188 5209 tom.
203 5166 228 5220 8,
236 5163 306 5226 ρατί.
324 5167 347 5220 2,
358 5174 386 5224 ρ.
398 5168 428 5211 22
443 5162 515 5225 not.)
526 5183 533 5212 ι
545 5162 579 5213 In
593 5167 630 5216 λοι
642 5167 836 5234 tantarumque
845 5167 975 5228 perenni,
987 5168 1017 5215 ut
1034 5167 1074 5215 ιἰα
1091 5164 1192 5223 dicam,
1207 5163 1405 5212 ικίιειείεοείοκα
1427 5163 1510 5212 etlam
1531 5160 1615 5212 literis
1634 5164 1660 5211 et

63 5219 225 5294 θλίίοεορλιιε
243 5244 355 5295 operam
374 5231 440 5284 dare
454 5236 576 5286 conatur.
587 5237 675 5289 Habet
687 5238 761 5303 apud
775 5252 803 5289 se
817 5239 908 5287 virum
920 5238 950 5286 ιιι
961 5233 1133 5300 philosophia
1158 5234 1347 5293 αοοιλιείιιεειιιι,
1364 5231 1457 5294 linqua
1476 5232 1600 5295 Αναὸἐικ,
1614 5235 1661 5295 qui

63 5298 169 5353 Μιάιε
182 5303 253 5352 cereo
271 5304 390 5364 tempore
404 5307 554 5369 ρτῑοαιρεοι
570 5305 687 5360 adeunda·
701 5310 726 5359 σε
740 5307 844 5374 ailquid
857 5307 954 5359 auditu
964 5308 1075 5369 ἀῑριιυοι
1090 5307 1193 5370 ιοροαοὶ
1210 5303 1290 5355 habet
1303 5304 1473 5366 potestatem,
1493 5307 1572 5356 Tenet
1590 5316 1660 5366 prm·

62 5364 127 5416 ίετεο
138 5368 202 5419 θυαε
221 5370 355 5434 medicos,
371 5384 483 5435 φυοτυιιι
498 5387 568 5425 maus
585 5376 681 5437 ἱαιίιιε,
698 5378 769 5429 aller
783 5388 863 5442 ρεαοο
881 5379 920 5429 εει
941 5376 1071 5428 crudum.
1094 5379 1143 5427 Ηιε
1166 5374 1378 5440 Ῑαοιιὶίαειεείοιε
1393 5373 1492 5437 untur,
1515 5378 1661 5437 εοευιιεγιεσ
