3890 6044
332 407 420 488 xxxvj
841 448 845 457 .
998 409 1296 474 44040004444.

332 550 439 598 storem
456 539 492 616 (l.
507 539 526 598 Ι.
541 561 570 619 p.
589 538 666 616 468).
678 540 774 599 Ρο440
787 540 942 600 Marmoris
956 541 1037 602 Parii
1052 564 1166 604 summa
1187 544 1263 604 ratio
1277 547 1308 604 in
1322 566 1358 606 eo
1372 551 1469 627 posita
1483 563 1527 610 est
1541 552 1619 631 quod
1635 566 1695 613 toto
1709 555 1847 616 Chronico
1868 571 1914 619 tres
1933 544 1934 547 Ἴ

332 636 409 713 cycli
427 634 552 713 majores
567 637 764 696 coniiciuntur
777 636 827 717 (V.
841 637 945 709 intra).
958 637 994 698 Ni
1011 641 1096 699 fallar
1111 641 1146 700 ad
1159 644 1257 720 cyclos
1269 642 1342 709 illos
1365 665 1509 706 annorum
1520 657 1578 717 Ι444
1594 652 1757 711 revocanda
1768 655 1850 712 etium
1859 670 1914 714 sunt
1933 646 1934 697 ]

329 736 423 814 spatia
436 756 578 796 annorum
595 740 745 811 440-443,
765 758 829 817 quae
844 738 874 797 in
886 738 1023 798 Asiaticis
1036 738 1169 799 historiis
1185 759 1277 817 usque
1289 756 1443 802 recurrunt
1459 745 1496 822 (Ἴ
1506 788 1515 817 ,
1526 765 1580 806 440
1595 747 1697 807 nonin
1712 750 1916 810 Manetbaniana

329 832 452 909 quadam
478 833 669 912 chronologia
688 835 745 894 hac
767 836 850 913 cyclo
871 837 1082 914 antiquissimae
1102 856 1200 896 rerum
1222 837 1421 917 AEgyptiarum
1444 840 1934 926 44000444444441444“];144οχ

359 1016 393 1081 (*)
404 1018 446 1068 Sic
458 1017 517 1069 4404
534 1021 580 1070 443
594 1020 625 1070 ab
639 1019 777 1071 4044144440
790 1020 822 1070 sd
835 1020 931 1072 exitum
944 1021 1089 1072 ludcamm
1103 1021 1299 1072 numeranturin
1320 1027 1378 1073 Exc.
1384 986 1522 1087 χ1404144444ς
1540 1024 1596 1075 hinc
1608 1039 1667 1076 vera
1681 1027 1739 1077 anni
1756 1032 1802 1078 440
1817 1028 1847 1078 44
1858 992 1916 1079 ¹Sala-

327 1100 424 1139 naonem
440 1093 467 1140 et
479 1089 564 1153 templi
573 1090 719 1150 aedihcmm,
733 1091 789 1141 4444
798 1095 882 1142 autem
898 1092 1011 1142 4044442
1025 1090 1400 1155 4404444441414445044404444
1416 1108 1466 1144 sec.
1486 1096 1628 1147 Eusebium.
1638 1096 1757 1148 Similiter
1768 1112 1817 1149 sec.
1830 1099 1916 1162 syncel·

324 1159 377 1209 lum
389 1173 414 1224 p.
424 1165 464 1221 00,
476 1163 495 1211 0
508 1164 534 1210 04
546 1166 586 1222 92,
598 1165 618 1212 4
628 1161 693 1212 44144
706 1162 828 1212 diluvium
837 1166 864 1213 et
872 1162 1028 1226 Assyriorum
1040 1162 1108 1226 regui
1117 1162 1213 1213 initium
1222 1162 1343 1226 interiecti
1353 1169 1412 1215 suut
1423 1166 1478 1216 4044
1489 1170 1550 1230 440,
1561 1166 1652 1230 quibus
1667 1172 1695 1218 43
1707 1182 1779 1232 reges
1788 1168 1888 1220 chaldei
1899 1172 1919 1218 et
1933 1174 1934 1223 ὲ

327 1230 420 1280 444044
432 1235 575 1293 regnarunt.
588 1233 708 1282 caeteras
722 1233 796 1283 etiam
812 1234 960 1294 διαστήματα
971 1234 1154 1296 gemuimus
1167 1235 1279 1284 Clemens
1290 1237 1380 1285 Stram.
1393 1250 1417 1300 p.
1434 1239 1492 1298 447,
1505 1240 1536 1288 47
1548 1237 1624 1301 dicit,
1636 1237 1703 1301 apud
1714 1237 1871 1295 Mattlaoeum,
1882 1238 1917 1300 qai

327 1304 354 1350 44
368 1304 447 1360 γενεὰς
459 1301 490 1352 ab
502 1301 641 1354 Abrahamo
650 1303 682 1353 ad
694 1304 826 1364 Davidem,
840 1308 868 1354 44
880 1305 942 1355 41444
950 1305 983 1354 44
996 1304 1164 1367 captiuitatem
1175 1305 1334 1367 iudeorum,
1347 1307 1407 1357 alias
1418 1307 1477 1358 item
1493 1312 1520 1358 44
1531 1321 1610 1372 usque
1624 1307 1656 1357 44
1672 1307 1801 1359 Christum
1810 1312 1918 1359 numerat

354 1372 405 1449 (⁴³)
418 1373 558 1448 Secundum
570 1373 710 1424 4444044440
721 1378 747 1425 04
759 1375 892 1426 Eusebium
902 1375 1018 1425 llanetho
1027 1364 1097 1424 libris
1107 1374 1186 1439 primo
1195 1379 1220 1426 44
1232 1378 1342 1427 meando
1354 1379 1478 1429 recensuit
1492 1392 1568 1428 annas
1578 1381 1636 1428 4424
1651 1376 1820 1440 4430042444
1833 1380 1856 1441 t,
1867 1391 1920 1439 qua·

324 1456 380 1493 rum
397 1446 524 1508 postrema
538 1447 639 1508 captum
654 1449 693 1495 est
702 1446 797 1506 lliumt
807 1451 868 1497 4403
875 1452 892 1505 l.
906 1446 986 1509 igitur
996 1445 1077 1495 iudea
1089 1449 1160 1496 liene
1173 1460 1252 1509 usque
1266 1446 1299 1497 44
1310 1446 1491 1510 expeditionem
1504 1446 1632 1509 Troianam
1644 1450 1652 1511 4
1657 1448 1727 1512 4493)
1737 1449 1794 1499 anni
1803 1452 1860 1498 sunt
1868 1452 1920 1499 4440

322 1512 375 1563 4444
391 1517 506 1568 40)(444.
520 1516 557 1570 lle
567 1514 746 1566 immortalium
758 1516 857 1581 regnis,¹
867 1530 925 1580 quae
939 1530 988 1566 nan
1000 1515 1117 1566 norimus
1128 1515 1176 1567 nisi
1191 1529 1224 1566 ex
1241 1516 1341 1567 Eusebii
1353 1516 1465 1568 versione
1482 1520 1612 1578 44444444,
1621 1519 1761 1583 incongrua
1777 1519 1921 1569 exhibentur.

323 1585 448 1633 Summam
465 1597 584 1633 annorum
596 1598 641 1634 uos
651 1584 798 1648 colligimus·
810 1591 903 1647 44925,
915 1585 1038 1637 Eusebius
1056 1586 1154 1648 collegit
1166 1600 1206 1637 an.
1219 1592 1310 1653 44900,
1329 1600 1421 1651 eosque
1432 1626 1439 1649 ,
1451 1601 1528 1650 quum
1545 1592 1686 1639 menstruas
1697 1598 1755 1640 esse
1768 1594 1877 1649 censeat,
1894 1587 1921 1636 ad

323 1666 395 1702 44404
406 1667 483 1704 44404
500 1659 561 1703 4200
573 1653 659 1705 reduci
674 1655 764 1719 prodit.
778 1659 852 1708 Patet
864 1657 919 1708 14440
933 1671 981 1708 000
993 1669 1065 1720 posse
1078 1655 1143 1719 inter
1154 1670 1181 1707 se
1193 1657 1327 1707 conciliari.
1339 1658 1465 1707 Genuinus
1479 1658 1529 1709 tere
1543 1673 1660 1710 numerus
1675 1661 1715 1709 est
1730 1666 1807 1714 4200.
1821 1649 1862 1721 q'ui
1879 1662 1921 1707 440

322 1738 386 1774 4444
400 1724 499 1774 aberrat
513 1737 528 1774 a
541 1723 622 1788 prisco
633 1739 736 1777 numero
748 1732 810 1777 2205
820 1728 829 1792 4
841 1732 931 1784 5)(444
939 1731 956 1788 t.
968 1726 1046 1791 igitur
1057 1739 1136 1788 quum
1147 1730 1264 1789 computa
1280 1725 1460 1790 simplicissimo
1473 1727 1581 1777 duodeni
1595 1728 1651 1778 4444
1665 1728 1790 1778 menstrui
1802 1729 1826 1778 in
1837 1738 1919 1778 annum
1933 1726 1934 1747 ³

322 1793 453 1845 duodecim
470 1794 597 1846 mensibus
610 1800 765 1848 constantem
778 1801 945 1858 numerentur,
960 1797 1031 1847 aunis
1045 1802 1106 1846 2205
1117 1796 1260 1846 ettrciuntur
1275 1798 1333 1848 anni
1350 1798 1471 1848 meustmi
1483 1801 1559 1848 40400
1572 1800 1718 1862 (00)(444).
1740 1804 1778 1851 Ex
1790 1800 1865 1851 bisin
1886 1812 1934 1859 sex}

321 1865 424 1916 dearum
435 1879 510 1928 regna
519 1866 645 1930 supputati
657 1866 747 1919 4444444
759 1873 862 1926 40)(444
876 1868 928 1919 4444
943 1870 1027 1919 45070.
1040 1868 1162 1918 Eusebius
1172 1866 1203 1916 iis
1212 1866 1321 1929 assignat
1337 1872 1420 1927 43000,
1432 1882 1518 1918 verum
1529 1869 1664 1919 secundum
1679 1884 1805 1921 summam
1814 1881 1923 1921 44404444
1933 1898 1934 1917 4

322 1940 399 1986 24900
413 1937 444 1986 ab
456 1937 510 2000 ipsa
523 1935 630 1987 Eusebia
651 1938 793 2000 collectam,
811 1939 868 1989 anui
877 1939 980 1990 dearum
994 1952 1050 1989 esse
1064 1939 1156 1990 dehent
1174 1942 1266 2000 40075,
1282 1952 1390 2002 quorum
1410 1939 1465 1990 1000
1480 1938 1581 2001 quidem
1595 1952 1698 1990 numera
1714 1941 1826 1992 4014440
1837 1939 1934 2005 40444444Ξ

323 2010 332 2054 4
336 2010 407 2056 0900.
421 2010 449 2056 44
463 2006 502 2057 his
515 2005 591 2069 igitur
602 2021 720 2058 numems
736 2009 888 2060 millenarius
901 2010 1003 2073 antiquo
1015 2023 1099 2060 errore
1109 2012 1243 2073 corruptus
1260 2014 1307 2060 est.
1319 2012 1369 2059 Pro
1384 2014 1459 2060 43075
1470 2010 1576 2074 4044444
1594 2015 1664 2062 erant
1676 2015 1755 2062 45075
1773 2013 1813 2063 vel
1828 2016 1934 2061 accurs-3

320 2077 371 2127 4144
386 2081 467 2127 45070.
480 2074 577 2139 Reliqui
588 2077 645 2126 anni
659 2083 764 2136 24)(444
784 2081 847 2130 iuter
861 2081 950 2131 herces
963 2083 990 2131 et
1005 2083 1091 2132 Manes
1107 2095 1136 2132 ex
1148 2092 1221 2143 usqua
1233 2078 1360 2130 distributi
1373 2080 1471 2130 tuerint.
1491 2082 1527 2130 Es
1541 2079 1651 2131 numeris
1667 2077 1924 2133 Eusebianisreterem

321 2150 465 2210 computum
475 2146 596 2210 cyclicum
608 2146 736 2200 reduxeris
749 2149 813 2200 14440
827 2150 852 2200 iu
863 2149 965 2200 modum
977 2169 984 2200 4

1054 2219 1127 2259 snei.
1207 2222 1289 2269 0044401.
1303 2221 1393 2267 cyclicus.

729 2275 831 2324 4404000.
856 2310 887 2323 ..
994 2311 1024 2323 ..
1061 2280 1167 2324 ¹255=
1199 2279 1413 2330 12a0=20><63

725 2345 852 2409 Aliireges
855 2378 1023 2395 .......
1059 2347 1166 2395 ¹817:
1200 2349 1413 2401 1827=29><o³

721 2420 751 2465 30
765 2428 835 2477 reges
846 2412 997 2478 numptius.
1017 2451 1024 2466 .
1060 2419 1118 2466 4790
1135 2437 1165 2457 =-
1200 2420 1259 2468 4000
1274 2439 1305 2457 =
1321 2419 1412 2471 00Χο3

722 2489 838 2547 acragas
853 2483 991 2536 Thinitoe..
1017 2524 1023 2535 .
1072 2491 1165 2536 34οι-
1214 2490 1306 2536 344--
1337 2489 1414 2541 5)(03

1025 2557 1120 2623 'rr—ara
1138 2596 1169 2616 =
1201 2579 1262 2623 assa
1277 2594 1308 2614 =
1324 2575 1416 2629 44)(44
1432 2590 1462 2615 =
1481 2576 1584 2627 laxast

732 2646 816 2695 044444
819 2679 1021 2695 .........
1055 2649 1116 2694 ssia
1137 2667 1168 2686 =
1201 2645 1587 2699 aasa=sl><sa=raxllr
1666 2712 1671 2722 .

1042 2740 1116 2783 44024
1195 2736 1265 2783 0584.
1933 2768 1934 2785 ,

320 2799 437 2851 00144444
458 2802 594 2855 Eusebium
612 2802 665 2854 haec
679 2803 755 2855 etsie
771 2804 909 2857 4414414044
923 2806 1040 2867 computa
1057 2803 1150 2866 cyclica
1168 2743 1278 2866 plateola
1300 2798 1439 2860 4444,14444
1457 2803 1540 2850 lamen
1559 2800 1583 2850 in
1604 2801 1658 2864 ipsa
1672 2802 1784 2852 Eusebia
1801 2799 1934 2864 quidquam

318 2872 465 2925 mutandum
480 2877 527 2924 est.
545 2873 640 2933 Quodsi
655 2874 759 2925 heroum
768 2878 794 2925 et
810 2874 920 2925 manium
934 2875 1004 2925 44444
1017 2879 1092 2925 44025
1104 2873 1229 2924 addideris
1240 2872 1343 2922 dearum
1359 2874 1539 2931 4440445070,
1554 2883 1680 2920 summum
1696 2870 1798 2921 obtines
1814 2874 1934 2920 annorum]

318 2948 502 2997 menstruomm
523 2950 615 3005 40004,
631 2947 684 2997 4444
700 2960 773 2997 44404
788 2959 866 2998 44404
880 2950 956 3005 2444,
971 2944 1141 2996 deicientibus
1152 2943 1279 2995 mensibus
1290 2943 1378 2993 tribus.
1391 2939 1446 2990 lam
1462 2954 1521 2991 4440
1535 2944 1797 2992 consummassem
1812 2937 1931 2989 numerari

316 3014 428 3066 amundi
445 3017 568 3068 creatione
582 3017 615 3067 ad
625 3017 762 3078 (titurium,
778 3020 855 3083 atque
869 3017 1026 3069 Pauodorum
1041 3017 1143 3068 modum
1162 3015 1269 3079 aliquem
1282 3012 1434 3076 excogitasse
1448 3026 1498 3074 quo
1511 3011 1621 3075 ingentes
1636 3024 1758 3061 annorum
1773 3010 1874 3061 numeri
1887 3008 1934 3058 4444

316 3089 342 3136 01
353 3087 464 3137 seruitiis
475 3087 587 3138 attributi
600 3088 631 3137 ad
641 3087 739 3139 modica
748 3087 828 3152 spatia
841 3087 876 3137 ita
890 3087 1075 3147 reducerentur,
1089 3092 1119 3139 ut
1128 3088 1231 3138 ultimus
1248 3098 1327 3135 annus
1341 3082 1465 3134 desineret
1475 3083 1500 3132 44
1510 3083 1629 3147 epocham
1642 3081 1737 3132 diluvii.
1755 3081 1847 3131 ttulius
1861 3080 1934 3145 igitar,

315 3155 403 3207 dubito
415 3156 471 3219 quis
482 3156 592 3218 eiusdem
601 3157 697 3220 generis
708 3162 841 3221 computus
852 3157 928 3207 etiam
940 3157 1084 3209 Eusebianis
1097 3156 1206 3207 numeris
1220 3155 1313 3215 subsit,
1327 3158 1523 3217 quarum'unum
1539 3152 1608 3204 illum
1620 3153 1664 3215 qui
1676 3153 1760 3202 444414
1779 3164 1858 3214 regnu
1872 3150 1934 3203 4404

317 3239 388 3285 rum,
400 3226 453 3286 iam
471 3227 594 3277 Eusebius
610 3231 755 3291 corruptum
772 3228 901 3278 invenerit.
912 3228 1035 3277 Eusebius
1046 3227 1122 3289 igitur
1133 3227 1232 3276 nescius
1246 3225 1346 3275 miscuit
1354 3225 1459 3275 4444444.
1475 3225 1558 3286 Neque
1570 3223 1596 3272 44
1607 3221 1746 3272 mirandum
1755 3256 1763 3281 ,
1773 3217 1898 3283 quoniam
1909 3210 1934 3281 iri

316 3295 457 3346 mortalium
471 3311 570 3361 quaque
584 3298 735 3362 tenporibus
749 3297 848 3349 diversa
860 3296 996 3347 miscentur
1009 3300 1034 3347 et
1055 3295 1256 3346 ltanetlronianus
1265 3299 1398 3360 computus
1410 3294 1435 3344 44
1452 3283 1572 3357 dynastiis
1588 3293 1732 3343 xvi-xlx
1747 3290 1780 3340 44
1794 3290 1934 3341 iudaicam

316 3366 501 3431 chronologiam
511 3368 719 3424 accommodatur.
731 3394 770 3405 -›
778 3368 858 3418 414444
868 3367 988 3417 rationem
1002 3365 1074 3415 inivit
1084 3365 1232 3424 0040140444,
1242 3378 1317 3427 quem
1332 3366 1358 3414 44
1370 3363 1525 3427 Fragmentis
1535 3358 1731 3414 blauethanianis
1740 3361 1825 3412 secuti
1838 3364 1934 3410 sumast

314 3437 411 3488 Etenim
428 3452 506 3501 quum
520 3438 631 3489 nonnulli
648 3439 728 3502 prisca
739 3437 908 3502 Egyptiorum
922 3440 1034 3499 tempora
1047 3434 1184 3486 secundum
1198 3433 1313 3498 periodos
1327 3432 1455 3484 sothiacas
1465 3433 1642 3495 adunassent,
1655 3432 1778 3498 proclivis
1792 3431 1934 3495 coniecturt

315 3511 370 3557 erat
381 3507 494 3558 similiter
508 3508 595 3558 iecisse
606 3508 780 3567 Marathonem
793 3507 899 3561 44440404
909 3511 936 3557 44
949 3506 1056 3558 Eusebii.
1071 3506 1202 3557 Bmclbius
1217 3505 1293 3569 igitur
1303 3506 1338 3555 ita
1354 3519 1407 3556 rem
1422 3504 1530 3555 instituit
1539 3508 1568 3555 ut
1582 3504 1686 3555 dearum
1699 3504 1760 3555 anui
1772 3507 1861 3555 essent
1879 3505 1934 3557 47)(

319 3580 501 3643 4404ε44007,
524 3579 603 3635 ltenis
621 3591 681 3630 vera
695 3592 774 3629 annus
790 3579 887 3643 primus
906 3580 1095 3639 componeretur
1105 3590 1164 3627 cum
1182 3577 1253 3628 initio
1270 3576 1366 3641 periodi
1381 3576 1503 3627 Satliiacm
1524 3589 1563 3627 an.
1578 3580 1647 3626 0704.
1666 3574 1696 3625 14
1713 3578 1802 3626 tamen
1814 3573 1871 3625 tieri
1890 3582 1934 3623 404

316 3648 396 3712 potuit
410 3650 458 3705 nisi
475 3650 579 3702 mutetis
597 3649 707 3701 numeris
724 3649 846 3714 plurimis.
862 3649 939 3699 Aliam
955 3649 1024 3697 vlam
1043 3646 1115 3697 inivit
1130 3649 1212 3710 Unger
1227 3645 1420 3709 (olranalaate
1435 3644 1480 3695 des
1499 3644 1625 3696 1144404140
1630 3683 1639 3709 ,
1653 3647 1845 3715 0041444007,
1865 3657 1890 3708 4.
1908 3646 1934 3693 aa

315 3732 369 3782 sqq.
382 3721 398 3780 ).
412 3723 434 3773 44
443 3734 573 3773 numerum
584 3725 645 3772 4200
662 3720 801 3772 4441444440
814 3726 890 3782 4040,
906 3719 1015 3781 reliquos
1030 3718 1139 3768 servavit
1149 3717 1185 3767 ita
1195 3754 1202 3777 ,
1212 3719 1241 3767 ut
1260 3716 1436 3767 immortalium
1451 3716 1509 3767 4444
1521 3715 1572 3767 sint
1587 3719 1664 3765 44025
1678 3715 1687 3777 4
1699 3718 1769 3779 quot
1786 3728 1835 3764 nas
1846 3706 1934 3777 jeruel

314 3790 418 3853 singulis
429 3792 541 3842 numeris
553 3791 725 3853 colligimus),
740 3790 880 3845 mortalium
895 3803 955 3839 vero
969 3788 1025 3839 anni
1045 3787 1285 3850 200040444ψο50.
1302 3789 1403 3837 Summa
1419 3799 1538 3835 annorum
1556 3790 1633 3835 30400
1651 3798 1734 3848 quum
1752 3780 1885 3836 contineat
1901 3780 1934 3829 rt

315 3860 376 3922 44414
389 3861 503 3924 periodus
515 3860 644 3914 Satbiacas
655 3864 770 3918 4440404
781 3864 843 3918 970,
858 3858 973 3923 44440404
985 3859 1040 3908 41444
1052 3856 1137 3919 4444414
1151 3857 1273 3920 pertinere
1288 3859 1374 3906 censet
1389 3870 1467 3919 usque
1481 3857 1513 3906 44
1526 3869 1573 3905 44,·
1584 3855 1729 3906 Sotbiacum
1744 3860 1807 3907 4304
1826 3859 1868 3916 (49
1881 3850 1934 3913 luti}

314 3943 336 3979 4.
354 3931 385 3987 0,
395 3930 504 3994 reliquas
514 3944 575 3982 4440
588 3944 669 3982 anuas
680 3934 725 3980 970
737 3943 816 3993 usque
828 3928 861 3979 ad
876 3941 916 3979 aa.
931 3932 1032 3978 0401045
1043 3929 1052 3991 4
1063 3927 1137 3990 1404.)
1151 3941 1174 3978 4.
1189 3929 1228 3987 0.,
1245 3930 1319 3990 atque
1333 3927 1381 3976 trac
1394 3941 1472 3984 anua,
1485 3940 1535 3976 404
1546 3940 1606 3977 vera
1619 3940 1658 3977 an.
1675 3929 1741 3986 340,
1759 3931 1793 3977 44
1805 3924 1934 3977 Erecthius

314 4002 458 4064 exputarit,
471 4003 637 4053 nectanebum
656 4014 738 4065 regem
751 4003 805 4064 404.
822 4000 935 4050 ultimum
947 4001 1048 4051 obiisse.
1060 4002 1141 4057 Quam
1158 3997 1294 4048 4401444444
1309 3996 1440 4048 Nectanebi
1457 3998 1482 4047 44
1494 4010 1534 4047 au.
1548 4000 1594 4048 345
1605 3998 1783 4059 tardarentur,
1804 4010 1875 4048 nuuc
1893 3994 1934 4045 nat

314 4082 408 4131 quatra.
421 4070 546 4121 ltouuisse
560 4070 671 4132 sulliciat
681 4070 771 4136 Ungeri
785 4073 928 4134 computum
942 4082 972 4119 ea
984 4067 1127 4119 labefactari
1139 4066 1205 4130 quod
1218 4067 1276 4117 anni
1288 4069 1333 4119 050
1346 4082 1396 4119 444.
1411 4068 1552 4118 Africanum
1563 4066 1703 4132 pertineant
1720 4079 1810 4131 usqua
1825 4068 1858 4117 ad
1870 4065 1934 4114 444044

314 4140 384 4189 Darii
398 4141 562 4200 cadomensi,
583 4155 631 4191 non
647 4155 713 4202 4440,
727 4142 851 4204 usquead
864 4144 969 4190 martem
988 4137 1135 4199 Nectanebi3
1147 4137 1236 4188 deinde
1256 4143 1340 4189 autem
1355 4153 1404 4191 sec.
1419 4138 1680 4203 Ungerum'secundus
1696 4138 1866 4189 ltanethanis
1879 4135 1934 4186 libet

151 4192 154 4196 ⁵
224 4226 226 4230 ⁸
314 4210 438 4262 desineret
451 4213 527 4262 inan.
544 4217 603 4264 4405
615 4226 638 4262 4.
655 4212 750 4275 0.,οιιί
762 4212 857 4262 0411444
868 4215 908 4261 est
918 4209 1006 4261 excidii
1016 4209 1130 4272 Troianis
1144 4209 1250 4272 denique
1262 4223 1349 4273 parurn
1367 4210 1434 4261 04441
1443 4211 1467 4260 44
1479 4209 1595 4272 mythicae
1607 4209 1783 4273 clironalogiae
1795 4206 1934 4272 simplieita

314 4283 366 4331 tem
383 4282 450 4344 quod
466 4296 546 4345 neque
558 4281 733 4334 immortalium
751 4295 853 4346 reguum
864 4281 945 4346 explet
958 4284 1053 4331 certum
1074 4279 1232 4344 periodorum
1243 4294 1389 4341 nurnerum,
1405 4294 1484 4344 neque
1494 4280 1572 4331 lienis
1583 4292 1662 4330 annus
1673 4280 1781 4344 primus
1796 4294 1861 4331 curu
1872 4277 1934 4328 initis

314 4352 411 4415 periodi
424 4356 588 4421 componitur.
609 4355 685 4403 Porro
703 4353 795 4404 44414444
808 4357 922 4415 Ungerus
935 4352 1078 4402 lttricauum
1095 4346 1185 4412 putaris
1197 4350 1277 4413 'trajo
1297 4350 1419 4400 excidium
1431 4349 1564 4401 0011044440
1585 4350 1610 4400 44
1622 4363 1662 4400 an.
1686 4352 1763 4400 4400.
1784 4353 1878 4399 l‘atere
1896 4345 1934 4395 lact

314 4424 375 4475 dicit
387 4439 418 4476 ex
432 4425 561 4490 Excerptis
574 4425 702 4488 barbaris,
712 4424 755 4475 ubi
766 4438 791 4489 p.
805 4428 835 4474 77
848 4426 873 4473 44
887 4420 941 4486 [440
953 4421 1065 4471 laterculi
1077 4434 1162 4485 regum
1175 4421 1417 4471 lacedemoniorum
1430 4419 1461 4471 ab
1473 4421 1573 4484 olymp.
1594 4425 1605 4469 1
1618 4419 1651 4470 44
1661 4419 1780 4470 reditum
1801 4414 1934 4472 Heraclida

314 4509 369 4545 mm
381 4496 438 4546 4444
453 4500 513 4554 050.
529 4496 586 4546 4444
601 4509 661 4546 4440
674 4496 774 4559 (475)
791 4493 822 4544 44
832 4494 907 4545 ilium
918 4495 1018 4556 captum
1029 4489 1086 4541 anui
1102 4494 1347 4565 incomputarentur
1362 4491 1652 4555 (776†³50-t-72=tttls
1666 4503 1689 4541 4.
1705 4492 1764 4554 0).
1781 4492 1934 4544 4444110440

314 4566 441 4618 haac'lacis
453 4571 537 4631 aperte
551 4563 683 4618 mendosis.
699 4568 717 4615 E
732 4565 826 4629 reliqua
843 4564 944 4616 Barbari
957 4561 1264 4626 ehrarralagiacsrtissime
1281 4564 1469 4627 004444444044
1482 4561 1606 4613 excidium
1622 4559 1797 4613 4044440440
1818 4560 1934 4625 assigna

313 4652 378 4688 0440
393 4643 451 4691 4404
466 4639 503 4689 vel
520 4642 586 4689 4403.
603 4639 686 4688 talita
704 4636 818 4689 laterculi
834 4650 917 4701 regum
930 4630 1068 4685 Eacedaem.
1080 4630 1173 4695 44401.
1190 4628 1200 4683 ’4
1218 4634 1250 4684 44
1265 4632 1362 4683 initium
1372 4633 1444 4696 regni
1456 4631 1587 4695 Eurysthei
1604 4634 1793 4695 computantur
1806 4646 1869 4684 4444
1883 4637 1931 4682 340

314 4713 343 4759 44
353 4710 419 4773 4444
433 4708 578 4769 Eusebium3
591 4709 674 4771 itaque
689 4705 784 4757 4044444
795 4705 981 4756 44444014444444
994 4707 1101 4769 pertinet
1114 4704 1196 4755 ad'an.
1215 4709 1287 4763 1404;
1302 4703 1359 4755 4444
1369 4705 1401 4754 44
1413 4704 1491 4767 ijae
1500 4703 1625 4754 4440444444
1638 4701 1725 4768 (4403)
1741 4710 1809 4756 sunt
1823 4704 1885 4755 4404
1901 4708 1931 4753 02

313 4794 345 4830 ex
364 4779 466 4831 Barbari
486 4780 596 4831 numeris
611 4781 652 4842 (p.
670 4780 719 4840 75)
731 4776 829 4827 nonnisi
841 4779 871 4827 74
894 4777 1050 4841 colliguntur,
1073 4774 1187 4838 quoniam
1208 4773 1301 4826 librarii
1320 4789 1404 4839 errore
1417 4776 1529 4839 AEgistha
1550 4779 1645 4841 septem
1658 4774 1719 4825 anni
1744 4777 1934 4829 adscribuntur

313 4865 418 4912 quamm
429 4854 483 4902 4000
497 4855 522 4901 17
535 4863 567 4901 es
577 4848 686 4900 Eusebia
698 4847 831 4912 reponendi
842 4852 910 4898 sunt.
923 4847 1016 4906 Quodsi
1028 4846 1053 4895 in
1061 4845 1119 4906 fine
1129 4844 1243 4896 laterculi
1255 4840 1342 4897 beced.
1352 4846 1455 4910 440045
1468 4842 1541 4895 anuis
1550 4849 1673 4909 ponuntur
1682 4847 1749 4897 anni
1760 4852 1826 4907 350,
1840 4844 1868 4899 14
1880 4859 1934 4896 mer

315 4924 344 4972 tit
354 4936 444 4973 errare.
458 4925 535 4973 totus
545 4913 638 4972 scilicet'
650 4933 736 4984 regum
752 4920 892 4971 laterculus,
901 4919 963 4969 mire
972 4921 1104 4981 corruptus
1115 4916 1162 4967 est.
1181 4921 1227 4967 Pro
1244 4931 1333 4967 narem
1343 4916 1443 4981 regibus
1452 4915 1602 4976 notissimis,
1614 4916 1657 4979 qui
1667 4928 1759 4980 usque
1770 4918 1808 4970 ad
1821 4916 1934 4983 Olympia

314 4993 370 5043 4444
385 4994 489 5056 primam
500 4996 649 5056 regnarunt,
661 4990 776 5041 undecim
789 4993 955 5045 recensentur,
968 5001 1073 5052 quorum
1083 5001 1114 5038 er
1126 4989 1206 5050 regnis
1215 4988 1339 5051 colligitur
1350 5001 1446 5038 summa
1459 4999 1515 5037 444.
1527 4991 1580 5045 070,
1594 4988 1637 5047 044
1651 4997 1695 5050 440
1708 4986 1768 5040 illis
1783 4995 1837 5057 350
1848 4988 1934 5042 notant

315 5062 426 5113 tuissent.
444 5064 562 5114 nimirum
574 5066 631 5127 pust
643 5062 780 5125 Agesilaum
790 5074 871 5124 regem
883 5065 980 5110 sertum
993 5058 1155 5122 interponitur
1174 5060 1333 5109 Cemenelsus
1346 5059 1446 5121 quidam
1458 5072 1516 5108 cum
1529 5058 1599 5108 anuis
1614 5061 1653 5117 44,
1664 5060 1769 5121 etpost
1782 5060 1934 5113 Alcamenes

314 5146 395 5196 regern
411 5148 502 5184 nanum
517 5133 668 5185 tntamedus
682 5146 739 5181 cum
751 5130 822 5181 annis
836 5138 865 5181 25
878 5130 1000 5191 adjicitur.
1015 5132 1086 5180 lluuc
1106 5144 1161 5180 esse
1174 5130 1357 5181 Aristodemum
1370 5129 1500 5193 Eurysthei
1517 5132 1627 5193 patrem,
1639 5129 1683 5192 qui
1702 5142 1758 5192 pra
1779 5130 1839 5185 44140
1858 5146 1907 5199 per
1920 5137 1934 5181 4

316 5216 391 5254 04004
411 5217 512 5269 reguum
532 5203 742 5260 administrasset,
760 5202 876 5264 opinatur
891 5205 1010 5263 Ungerus.
1026 5201 1131 5259 Quinam
1147 5201 1306 5252 0444041404
1326 5200 1414 5260 tuerit,
1426 5214 1474 5249 nan
1493 5200 1564 5251 44444.
1578 5202 1689 5263 Uterque
1708 5202 1837 5257 debetur
1853 5211 1934 5268 stupu

314 5273 429 5335 Barbari,
446 5275 490 5337 qui
501 5289 580 5339 graeca
594 5288 640 5325 sua
656 5287 705 5324 uon
725 5271 851 5323 intellexit.
872 5275 934 5323 Ecce
945 5270 1105 5335 laterculum,
1116 5272 1145 5322 'in
1157 5284 1208 5335 quo
1218 5272 1290 5336 iuxta
1310 5270 1410 5322 Barbari
1423 5283 1538 5321 numeros
1555 5269 1638 5323 004444
1655 5270 1828 5327 Eusebianos
1849 5296 1857 5327 2
1872 5277 1934 5338 Eury
