3842 6036
248 619 339 689 δεξίων
352 619 432 687 λίθοις
445 619 603 699 βαλλόμενοι
616 618 686 679 κατδι
697 619 828 699 κεραλῆς·
842 616 857 678 θ
871 618 904 691 θλ,
917 618 963 679 καί
977 616 1028 695 μά·

248 710 326 768 λιστα
341 705 447 773 τούτους
462 707 566 766 έπίεσε·
579 704 625 765 καὶ
645 706 719 772 τέλος
740 706 930 785 ἀποκρούονται
953 702 1027 784 παρδ

249 801 301 858 τῶν
330 795 431 855 ἔνδοθεν
455 794 656 876 ἰσχυρῶς,καί
678 792 899 863 ἰξωθοῦνταιτοῦ
926 794 1028 875 τείχους

251 884 356 966 βιαίως·
370 883 417 943 καὶ
431 884 560 942 ἀπέθανον
575 883 656 943 αὐτοῦ
672 885 719 942 ούκ
733 882 815 962 δλίγοι
830 886 882 942 τῶν
903 885 1028 958 θπλιτῶν,

248 975 294 1035 καὶ
307 973 424 1049 μάλιστα
436 971 488 1031 ύπδ
500 974 553 1033 τῶν
567 972 665 1031 άνωθεν
677 970 724 1031 καί
738 971 783 1052 ἀφ’
795 975 895 1053 ὑψηλοῦ
913 995 1029 1053 καταρε·

250 1065 366 1142 ρομένων
383 1061 514 1140 μεγίστων
528 1059 608 1121 λίθων
623 1062 736 1141 ἰσχυρῶς
750 1060 923 1140 βαλλόμενοι,
939 1061 1028 1142 βιαζύ·

252 1151 327 1229 μενοί
340 1173 370 1209 τε
390 1149 438 1219 τὴν
454 1148 554 1209 είσοδυν
568 1148 614 1208 καλ
633 1150 791 1228 θρασύτερον
813 1149 1026 1227 ε’πεμδαίνοντες.

251 1240 286 1319 (ε)
301 1235 390 1318 Ὅπερ
402 1235 465 1297 ἰδελν
481 1239 496 1296 θ
513 1235 637 1315 βασιλεὺς
659 1239 807 1319 ἀναχωρεῖν
819 1236 895 1305 ιδθίις
905 1237 1029 1316 σημαίνει

250 1327 420 1400 τούτοις,καί
432 1326 481 1395 ίὶω
493 1325 584 1406 βέλους
594 1325 740 1406 γενομίνοις
753 1328 903 1398 ἀποστῆναι
915 1333 961 1386 τοῦ
978 1349 1030 1385 πο·

249 1420 354 1494 λιμεῖν,
363 1411 444 1473 εἰπὼν
456 1413 493 1490 μὴ
507 1413 594 1491 μάτην
604 1418 692 1475 πονεῖν
703 1415 748 1474 καί
760 1414 915 1475 κινδυνεύειν
924 1414 1030 1483 αὐτούς·

250 1508 280 1567 οδ
293 1503 344 1586 γάρ
357 1502 427 1563 ὅπλα
439 1502 485 1562 καί
499 1500 626 1578 σώματα,
638 1502 706 1561 ἀλλά
714 1503 791 1580 λιμδν
802 1497 869 1563 εἰναι
878 1503 922 1563 τὸν
931 1503 1030 1576 ταύτης

249 1598 296 1666 τῆς
320 1592 422 1659 πόλεως
447 1592 554 1671 ἰσχυρδν
575 1590 788 1668 ἀνταγωνιστὴν,
806 1590 835 1658 δς
858 1592 961 1652 ἀκονιτὶ
982 1592 1030 1650 καί

227 1734 234 1749 .
249 1681 374 1744 κινδύνων
388 1679 469 1760 χωρίς
482 1684 686 1760 καταγωνιεῖται
705 1682 805 1752 ταύτην
824 1679 938 1760 ταχέως.
981 1680 1030 1741 ’E-

255 1775 352 1854 γνύικει
364 1775 416 1854 γδιρ
427 1778 441 1833 θ
454 1773 578 1852 βασιλεὺς
591 1775 716 1853 μηδαμοῦ
725 1776 823 1847 ταύτης
831 1778 1030 1849 ἀπαναστῆναι,

254 1863 325 1926 ἀλλδι
338 1867 532 1942 περικαθῆσθαι
547 1863 630 1936 αδτλν
640 1864 690 1931 ἕως
701 1863 734 1923 δν
745 1863 939 1945 έκπολιορκήση
950 1865 1030 1945 λιμῷ·

253 1953 358 2029 ἐνόμιζε
371 1950 422 2029 γάρ
437 1956 472 2017 ὡς
489 1953 589 2023 ταύτην
608 1951 676 2010 ίλάιν
692 1961 779 2012 πᾶσαν
802 1952 854 2023 ἤδη
874 1949 922 2022 τὴν
944 1953 1031 2011 Πελο-

249 2040 381 2112 πόννησον
396 2038 448 2108 ἰξει
462 2037 581 2117 ἀμαχεί,
595 2039 686 2121 ῶσπερ
700 2041 767 2111 δῆτα
782 2039 826 2099 καί
840 2037 956 2116 γέγονεν.

292 2127 361 2188 Vll.
384 2125 431 2186 Ἐν
456 2125 543 2206 τούτιρ
568 2126 595 2185 δέ
618 2127 665 2186 καί
688 2130 712 2187 οἱ
736 2130 896 2206 στρατιῶται
916 2119 980 2198 ἧκον
1005 2126 1030 2184 οἰ

252 2214 392 2281 σταλέντες
405 2215 431 2282 ές
444 2218 593 2295 προνομὴν,
607 2215 681 2274 λείαν
695 2215 736 2274 ὅτι
749 2216 876 2286 πλείστην
890 2215 1030 2281 ἰλάσαντες

253 2305 308 2363 ἀπό
325 2326 355 2361 τε
375 2306 423 2373 τῆς
437 2301 545 2370 Ἠλείας
562 2302 608 2362 καί
623 2305 670 2374 τῆς
683 2304 765 2363 ἄλλου
782 2300 950 2383 προσχώρου·
970 2300 1029 2361 έλί·

252 2415 330 2469 γοντο
341 2391 368 2449 δέ
384 2389 458 2472 ζῴων
472 2391 519 2470 μέν
532 2390 671 2470 προθάτων
683 2415 711 2452 τε
726 2392 772 2452 καί
786 2395 854 2472 βοῶν
875 2392 920 2451 καὶ
938 2388 1029 2449 ἰππων

251 2481 320 2561 ἀμφὶ
333 2479 380 2548 τὰς
394 2478 472 2537 πέντε
490 2481 534 2538 καὶ
550 2478 613 2540 δίκα
632 2481 760 2560 μυριάδας
779 2484 905 2560 ἀγαγεῖν,
928 2480 1028 2558 ἀνδρῶν

251 2565 280 2626 δί
293 2567 339 2626 καί
354 2570 485 2645 γυναικῶν
499 2567 544 2625 καί
558 2568 670 2626 παιδίων
685 2569 750 2648 ὑπὲρ
772 2569 818 2636 τάς
841 2568 970 2647 τέσσαρας
983 2590 1028 2647 χι·

251 2654 353 2721 λιάδας.
397 2653 434 2733 (ε)
450 2653 504 2715 Καί
515 2653 549 2714 τδι
563 2653 611 2733 μίν
625 2655 694 2715 ἄλλα
711 2660 814 2727 πάντα,
824 2654 947 2737 πρύθατά
960 2678 1030 2737 ρημι

251 2741 296 2800 καί
311 2742 375 2821 βόας
393 2742 439 2800 καί
452 2741 564 2817 ἰππους,
577 2743 689 2821 διένειμε
701 2744 774 2824 πάσῃ
786 2769 819 2824 τη
834 2753 963 2825 στρατιᾷ,
980 2742 1028 2801 άν-

250 2830 313 2910 δρας
338 2827 366 2887 δί
389 2828 436 2888 καί
458 2839 583 2907 γυναῖκας
603 2832 648 2890 καί
666 2834 763 2902 παῖδας
785 2831 922 2891 ἀπέστειλε
937 2835 964 2898 ἀς
980 2830 1029 2903 τὴν

252 2918 470 2995 Κωνσταντίνου,
495 2920 650 2988 κατοικίζων
674 2929 764 2979 πᾶσαν
793 2920 841 2991 τὴν
868 2919 916 2986 lim
936 2918 1027 3000 χώραν

250 3009 339 3079 αύεῆς.
382 3006 437 3066 Καὶ
450 3011 464 3065 δ
480 3007 527 3084 μὲν
541 3007 632 3076 οὕτως.
673 3009 705 3088 (a)
720 3009 871 3090 Κορινθίους
886 3006 913 3066 δί
934 3006 1026 3087 τετρά·

251 3117 333 3169 μηνον
347 3094 399 3166 ἤδη
421 3096 656 3176 πολιορκουμένους
675 3100 689 3155 θ
710 3107 780 3163 σῖτος
794 3095 959 3155 ἐπελελοίπεε
981 3093 1027 3153 καί

250 3172 335 3240 τιίλλα
349 3187 401 3241 τῶν
416 3183 636 3260 ἀναγκαίων·κα“ι
657 3185 805 3262 πιεζόμενοι
820 3183 872 3262 [δὲ]
888 3185 926 3261 τῷ
944 3185 1029 3262 λιμῷ,

593 542 596 548 .
620 538 622 545 .
683 485 884 548 CRITOBULI
905 486 1173 548 fflsTofflAnUM
1192 486 1266 548 LlB.
1287 485 1339 560 ΙΙΙ,
1359 489 1424 549 6·9.

1912 568 1913 609 ἰ

1083 617 1156 696 ὅμως
1166 618 1284 698 ἀντεῖχον
1298 618 1338 679 ίτι
1351 619 1455 689 καλῶς,
1465 618 1581 696 οὐδαμοῦ
1592 619 1710 679 σπονδῶν
1721 619 1860 697 μιμνημέ·
1912 614 1913 669 T

1082 729 1139 767 νοι·
1151 707 1285 766 ἀδεδίεσαν
1299 704 1351 786 γάρ
1366 705 1403 783 με]
1414 707 1514 788 σρθδρα
1529 707 1689 786 ὠργισμένος
1700 709 1789 776 αὐτοῖς
1797 706 1863 768 δενθ
1912 692 1913 713 ¹

1084 793 1207 874 βασιλεὺς
1220 799 1254 876 τῇ
1269 793 1348 874 τριθῇ
1362 800 1409 865 τῆς
1421 795 1574 874 πολιορκίας
1587 794 1669 854 κακάν
1685 819 1712 852 τι
1728 798 1798 874 μέγα
1816 798 1861 876 ἰρ-

1083 885 1199 961 γάσηται
1214 887 1240 951 ῖς
1254 883 1363 956 αὐτούς,
1377 883 1463 949 άλλως
1473 906 1502 942 τε
1515 882 1560 941 καὶ
1569 881 1610 941 δτι
1620 883 1749 953 πολλάκις
1760 908 1860 964 προκα·
1913 876 1914 937 ἰ

1081 973 1224 1049 λεσάμενος
1239 972 1289 1032 έπί
1304 971 1444 1049 ξυμθάσεις
1458 968 1549 1038 αὐτοὺς
1565 972 1612 1031 οῦκ
1626 972 1787 1047 ίσηκυύσθη,
1802 975 1863 1033 ἀλλ’

1083 1061 1250 1141 ἀπεστράφη.
1290 1063 1325 1138 (ι)
1347 1059 1395 1121 Ἐν
1419 1058 1505 1138 τούτῳ
1528 1059 1556 1118 δὲ
1578 1061 1755 1139 παραγίνεται
1774 1063 1863 1129 αὐτοῖς

1083 1146 1193 1221 ’λσάνης
1209 1149 1346 1214 ἰίἰατθαίος
1367 1147 1422 1208 ἀπὸ
1441 1146 1583 1225 Σπάρτης,
1602 1147 1631 1208 δν
1648 1149 1766 1231 ἔπεμψεν
1789 1151 1861 1209 δδε·
1914 1192 1915 1197 ,

1084 1236 1184 1309 σπύτης
1198 1234 1350 1316 Δημήτριος
1366 1234 1461 1314 βοηθόν
1474 1258 1503 1295 τε
1516 1234 1590 1307 ἥκειν
1605 1237 1755 1303 αὐτοῖςκαὶ
1769 1261 1862 1320 πειρα·

1085 1323 1195 1401 σύμενον
1211 1325 1234 1383 εἰ
1248 1322 1353 1384 δύναιτο
1365 1322 1411 1383 καί
1430 1324 1516 1391 αδτοῖς
1534 1332 1589 1391 τοῖς
1603 1326 1744 1394 δεσπόταις
1763 1329 1863 1387 κατσλ·

1084 1413 1162 1482 λέξαι
1188 1412 1231 1472 τδν
1259 1412 1371 1491 βασιλέα
1400 1412 1445 1471 καὶ
1473 1411 1587 1479 σπονδάς
1610 1417 1722 1485 ποιῆσαι
1745 1414 1795 1482 τδις
1817 1416 1863 1474 δυ·
1915 1486 1916 1503 γ

1084 1498 1180 1577 νατάς,
1202 1501 1239 1578 μὴ
1262 1499 1351 1577 μέντοι
1368 1524 1398 1579 γε
1412 1499 1498 1581 τούτῳ
1510 1503 1557 1571 τῆς
1570 1501 1699 1580 Κορίνθου
1722 1503 1864 1565 ἐκστάντα
1915 1514 1916 1531 ’

1086 1589 1121 1667 [ι]
1136 1580 1204 1669 Εἰχε
1219 1591 1247 1650 δὲ
1261 1588 1307 1649 καλ
1321 1589 1417 1669 ἄνδρας
1430 1587 1614 1667 ίθδομήκοντα
1627 1591 1796 1671 στρατιώτας
1809 1590 1866 1668 μεθ’

1085 1680 1196 1754 ἑαυτοῦ,
1212 1677 1320 1758 έχοντας
1334 1677 1379 1737 καί
1394 1678 1467 1738 σίτου
1480 1678 1620 1755 μεδίμνους
1632 1679 1713 1753 δέκα,
1725 1679 1755 1739 δν
1776 1682 1867 1762 ίφερον

1085 1767 1130 1825 ἰπί
1152 1770 1205 1825 τῶν
1226 1766 1307 1842 ὤμων
1322 1765 1525 1846 ἰπηχθισμίνοι,
1537 1765 1648 1836 ίκαστος
1668 1768 1720 1828 ἀνδι
1741 1767 1864 1849 χοενίκων
1916 1796 1917 1801 ’

1085 1856 1180 1935 τριῶν·
1195 1853 1287 1921 οἵτινες
1305 1852 1501 1930 ἐξεπιστάμενοι
1515 1853 1629 1932 πάροδον
1644 1857 1675 1915 lx
1691 1861 1738 1914 τοῦ
1754 1858 1866 1933 ἀπομα-
1916 1918 1917 1925 γ

1085 1943 1206 2022 χωτάτου
1220 1943 1315 2022 μέρους
1327 1946 1374 2001 τοῦ
1385 1965 1414 2001 τε
1425 1946 1516 2021 βουνοῦ
1528 1941 1573 2001 καί
1586 1945 1634 2014 τῆς
1645 1944 1765 2016 πολεως,
1780 1942 1867 2022 ἄγου·

1086 2056 1146 2092 στον
1158 2030 1209 2108 μὲν
1222 2033 1268 2091 καί
1283 2031 1383 2091 ἄθυτον
1395 2034 1449 2098 τοῖς
1462 2031 1580 2103 πολλοῖς,
1592 2029 1689 2104 ἀνάντη
1700 2032 1729 2091 δί
1741 2029 1813 2101 δλως
1822 2034 1866 2091 καί

1085 2124 1211 2203 τραχεῖαν
1229 2120 1275 2179 καὶ
1293 2117 1586 2201 δύσπορον,·ρίρουσαν
1602 2121 1627 2186 ἐς
1640 2120 1684 2179 τὸν
1699 2119 1869 2202 Ἆκροκάριν·
1917 2144 1918 2175 ι

1088 2215 1150 2281 θον,
1162 2209 1254 2276 νυκτὸς
1261 2208 1382 2274 λαθόντες
1391 2208 1506 2286 ἀνῄεσαν
1516 2207 1560 2266 διδ
1567 2210 1615 2279 τῆς
1629 2208 1726 2289 πέτρας
1738 2211 1868 2289 χαλεπῶς

1086 2298 1155 2357 πάνυ
1169 2297 1214 2356 καὶ
1228 2297 1413 2375 ἐπικινδύνοις,
1428 2296 1637 2376 ἀναρριχύμενοί
1657 2320 1685 2355 τε
1709 2298 1754 2355 καὶ
1781 2296 1868 2377 ἔτερος

1085 2386 1129 2446 τὸν
1140 2386 1227 2464 ἕτερον
1239 2383 1339 2465 ἀνέχων
1352 2407 1378 2443 τε
1391 2386 1436 2444 καὶ
1448 2383 1630 2453 διαθαστάζων
1639 2427 1648 2456 ,
1658 2383 1739 2463 ἐνίους
1749 2382 1780 2442 δὲ
1793 2389 1867 2465 σρῶν
1917 2404 1919 2459 χ

1086 2477 1172 2535 αὐτῶν
1193 2471 1239 2532 καί
1264 2471 1428 2549 ἀνεμῶμενοι
1455 2473 1578 2554 σχοινίοις
1600 2472 1799 2548 ἐκδεδεμένους·
1821 2474 1867 2533 καί
1918 2470 1919 2515 }

1085 2564 1210 2642 ἰσίρχοντ
1228 2584 1237 2618 ι
1256 2564 1282 2628 ἐς
1294 2561 1341 2632 τὴν
1356 2561 1444 2623 πάλιν.
1488 2562 1522 2642 (ε)
1537 2564 1573 2623 Οί
1586 2561 1613 2620 δέ
1627 2562 1756 2634 Κορίνθιοι
1775 2563 1870 2622 τόντε

1085 2651 1198 2723 ’λσάνην
1219 2650 1316 2716 ἰδόντες
1339 2650 1385 2708 καί
1400 2649 1460 2717 τοδς
1477 2653 1536 2728 μετ’
1553 2653 1633 2709 αὐτοῦ
1658 2649 1868 2732 ἀνερρῶσθησάν

1085 2763 1114 2798 τε
1129 2741 1158 2798 οὐ
1173 2739 1264 2815 μικρὸν
1282 2739 1328 2797 καί
1342 2740 1521 2811 ἀνέπνευσαν,
1537 2739 1690 2816 νομίσαντες
1713 2740 1813 2818 βοηθόν
1839 2765 1869 2801 τε
1919 2760 1920 2767 ’

1084 2827 1158 2900 ἥκειν
1173 2828 1260 2894 αὐτοῖς
1274 2829 1298 2893 ἰς
1314 2826 1347 2885 τά
1359 2851 1388 2887 τε
1409 2827 1478 2886 ἀλλα
1492 2827 1538 2886 καὶ
1558 2827 1590 2899 δὴ
1604 2826 1650 2885 καλ
1663 2826 1782 2897 σπονδὰς
1800 2828 1867 2906 μετά

1087 2921 1134 2974 τοῦ
1152 2915 1280 2995 βασιλέως
1293 2918 1411 2988 ποιήσειν
1434 2919 1520 2985 αὐτοῖς
1537 2914 1726 2994 ξυμφερούσας.
1775 2920 1812 2996 (7]
1829 2916 1871 2978 ’λ-

1085 3004 1165 3076 σάνης
1179 3003 1206 3063 δὲ
1221 3000 1331 3062 ἰσελθδιν
1342 3004 1370 3061 ἰν
1384 3007 1417 3081 τῇ
1431 3002 1507 3062 πόλει
1524 3006 1559 3071 ῶς
1573 2994 1624 3063 εἰδε
1638 3003 1696 3070 τούς
1712 3026 1742 3062 τε
1769 3009 1868 3086 ἰίοριν·

1087 3092 1155 3161 θίους
1174 3093 1262 3157 δεινῶς
1277 3091 1327 3150 ὑπὸ
1340 3095 1386 3150 τοῦ
1400 3093 1480 3167 λιμοῦ
1499 3090 1667 3167 πεεζομίνους
1685 3093 1731 3151 καὶ
1745 3094 1868 3173 ἀντέχειν

1087 3181 1126 3238 ἔτι
1145 3180 1182 3252 μὴ
1201 3179 1372 3258 δυναμένους,
1392 3178 1610 3259 διακηρυκεύεται
1632 3181 1671 3260 τῷ
1688 3182 1797 3259 βασιλεῖ
1810 3182 1869 3262 περί

252 3348 288 3409 (σί
301 3348 427 3409 Κορίνθιοι)
439 3350 467 3399 εδ
481 3353 559 3411 τεῖχος
572 3349 612 3411 (τὸ
625 3350 741 3412 δεύτερον]
754 3350 793 3399 lul
805 3351 891 3413 ἡμέρας
903 3349 986 3404 ίκανάς
997 3348 1140 3412 ἀμυνόμενοι
1150 3360 1157 3375 ·
1169 3352 1191 3398 οί
1208 3349 1286 3410 μέντοι
1304 3347 1425 3406 ιηλείἰθλοι
1445 3350 1486 3396 καί
1501 3352 1572 3396 τοῦτο
1588 3349 1616 3396 τὸ
1628 3354 1708 3412 τεῖχος
1719 3348 1758 3398 ἐπὶ
1777 3351 1869 3413 ἡμέρας

250 3417 334 3472 ἰκανάς
345 3417 442 3481 ἔπαιον,
454 3420 495 3468 καὶ
510 3420 640 3469 κατίδαλον
651 3422 719 3483 μέρος
730 3421 773 3469 οὐκ
782 3420 870 3481 ὀλίγον.
888 3419 898 3482 ΙΙ
913 3450 944 3462 -
959 3419 1060 3483 ίνδοθεν]
1076 3433 1109 3468 m.
1122 3425 1151 3476 λς
1162 3419 1227 3469 ἰνδον
1239 3432 1274 3467 m.
1288 3423 1309 3467 ί.
1325 3418 1335 3482 ΙΙ
1350 3445 1377 3453 -
1387 3417 1403 3480 §
1412 3423 1436 3468 8.
1447 3420 1483 3467 De
1497 3417 1536 3467 his
1548 3416 1610 3468 nihil
1624 3418 1716 3481 legitur
1731 3421 1758 3470 in
1776 3419 1866 3472 Chalc.

256 3486 268 3550 ΙΙ
279 3512 312 3523 -
322 3487 464 3551 γενομένοις]
472 3501 506 3537 m.
518 3494 542 3547 2,
551 3491 689 3553 γενομένους
702 3503 737 3538 ιιι.
750 3494 771 3539 1.
785 3488 797 3551 θ
810 3519 837 3527 -
850 3491 939 3546 ταύτην
954 3489 1057 3553 ταχέως]
1068 3491 1104 3540 sic
1114 3502 1185 3551 mgo,
1196 3491 1291 3544 τούτους
1299 3506 1322 3539 τ.
1335 3493 1396 3539 text.

282 3559 338 3607 vn.
353 3556 368 3619 §
386 3561 397 3606 1
412 3560 437 3606 οῑ
451 3563 474 3606 2.
490 3560 528 3606 De
540 3557 579 3607 his
591 3559 651 3609 nihil
661 3558 736 3609 habet
744 3559 858 3608 Chalcoc.
870 3558 880 3621 ΙΙ
892 3584 924 3595 -
932 3558 1086 3623 προσχώρου]
1099 3560 1136 3608 sic
1152 3572 1218 3608 ειιοει.
1230 3566 1253 3619 2,
1263 3562 1409 3625 πλησιοχωρ.
1424 3574 1458 3609 m.
1472 3565 1493 3609 1.
1506 3559 1561 3625 11-
1569 3561 1639 3610 πέντε
1650 3562 1691 3611 καί
1704 3562 1776 3627 δέκα]
1786 3562 1869 3615 verba

250 3630 291 3677 καί
311 3629 369 3678 δέκα
387 3628 444 3677 add.
462 3641 553 3691 margo.
568 3628 579 3691 ss
592 3629 646 3692 -§
662 3635 685 3679 3.
703 3634 769 3685 σῖτος
785 3630 948 3694 ἐπιλαλυίπει]
961 3632 999 3680 Cf.
1014 3628 1175 3681 Chalcocontl.
1188 3642 1214 3693 p.
1231 3634 1285 3690 541,
1300 3633 1323 3679 θ.
1340 3630 1350 3691 Ι]
1368 3656 1395 3664 -
1408 3628 1547 3694 προκαλεσ]
1563 3646 1650 3693 προσκ.
1662 3632 1718 3682 eod.
1733 3635 1801 3684 Dein
1820 3646 1870 3687 τοι

250 3699 333 3756 αύτούς
355 3702 413 3763 post
433 3698 557 3761 ξυμδάσεις
579 3698 678 3750 addilur
691 3701 716 3749 'm
741 3701 858 3761 margine.
873 3699 884 3763 ΙΙ
898 3727 925 3736 -·
937 3701 952 3764 §
964 3704 987 3751 4.
998 3701 1151 3765 παραγίνεται
1162 3700 1269 3764 Ἆσάνης]
1290 3700 1386 3758 Ἀσίνης
1401 3702 1519 3757 Ματθαῐος
1534 3701 1747 3766 θγυναικάδελφος
1759 3702 1812 3753 ’τοῦ
1831 3705 1869 3753 δε·

252 3770 344 3819 σπὸτου
360 3769 404 3833 κδρ
416 3769 564 3832 Δημητρίου,
575 3770 625 3826 υἰδς
641 3770 666 3818 δέ
683 3770 777 3820 Παύλου
789 3775 832 3819 τοῦ
842 3771 954 3833 Ἀσάνου,
962 3775 990 3819 ut
1001 3771 1037 3821 ait
1048 3770 1182 3820 Phranlws
1194 3782 1220 3833 p.
1234 3775 1289 3829 388,
1301 3773 1337 3819 14.
1348 3772 1464 3820 Ceterum
1473 3773 1565 3819 Asanes
1573 3769 1625 3832 Jam
1636 3775 1709 3821 antea
1718 3768 1871 3823 corinthum

251 3843 365 3901 venerat,
378 3840 497 3905 prodente
516 3840 714 3904 chalcocondyla
724 3878 731 3899 ‚
742 3841 785 3902 qui
798 3839 830 3891 de
846 3841 953 3892 adventu
967 3844 1020 3906 ejus
1033 3843 1069 3892 ila
1079 3841 1154 3891 hahet
1170 3859 1176 3891 t
1191 3840 1288 3899 ’λεαίνης
1303 3841 1346 3903 μέν
1357 3841 1399 3891 οὗν
1410 3841 1438 3890 οδ
1450 3842 1531 3906 πολλῷ
1544 3842 1642 3905 ὕστερον
1658 3842 1806 3906 (postquam
1817 3846 1871 3894 Me·

251 3910 376 3960 οθοιιιοιεο
389 3924 404 3960 ιι
415 3908 535 3961 θοτίυἰίιο
546 3910 572 3959 in
585 3910 702 3960 interiora
712 3911 874 3975 Peloponnesi
887 3913 1006 3974 abierat),
1020 3916 1052 3969 ὡς
1064 3912 1203 3961 ἐπυνθάνετο
1214 3913 1257 3972 τήν
1269 3913 1336 3961 πόλιν
1348 3914 1523 3976 πολιορκεῖσθαι
1535 3914 1581 3962 θιιθ
1591 3918 1633 3962 τοῦ
1644 3913 1756 3964 Ἀσιανοῦ
1767 3932 1871 3979 στρατο-

250 3982 336 4043 πέδου,
348 3983 410 4046 έχων
421 3983 473 4044 περὶ
487 3982 558 4032 αὑτὸν
572 3981 655 4045 ἀνδρας
668 3983 775 4044 ίκανοδς,
787 3984 922 4047 ὁρμώμενος
936 3985 985 4035 διπδ
998 3985 1119 4036 Ναυπλίου
1130 3990 1171 4042 τῆς
1189 3984 1311 4033 θῦενετῶν
1322 3982 1428 4043 πόλεως,
1440 3983 1484 4032 καὶ
1495 3983 1534 4032 διὰ
1553 3983 1675 4040 θαλάσσης
1691 3986 1732 4035 ἐπὶ
1747 3988 1792 4038 τὸν
1809 3990 1871 4048 xq-

250 4057 326 4114 χρεῶν
343 4054 426 4116 λιμένα
447 4052 586 4117 ἀφικόμενος
603 4054 685 4111 ννκτδς
695 4054 773 4104 λαθὼν
786 4056 827 4104 τὸν
842 4058 942 4122 στρατδν
955 4061 998 4106 τοῦ
1014 4058 1129 4120 βασιλέως
1147 4055 1243 4115 ἰσῆλθεν
1255 4054 1278 4109 ίς
1293 4054 1335 4112 τήν
1346 4054 1414 4103 πόλιν
1432 4054 1502 4109 αὐτός
1513 4070 1540 4103 τε
1553 4056 1592 4103 καὶ
1611 4058 1634 4104 οἰ
1651 4055 1708 4117 ἀμφ’
1724 4058 1817 4121 αὐτὸν,
1830 4059 1873 4109 καί

251 4122 404 4186 τιναβραχύν
417 4128 482 4173 σῖτον
500 4124 689 4184 εἰσεκομίσαντο.
705 4124 716 4187 Ι]
733 4151 762 4161 -
777 4125 823 4174 ἀνὰ
834 4129 945 4189 χοινίκων
958 4125 1038 4191 τριῶν]
1051 4126 1096 4176 Vel
1110 4126 1135 4176 in
1148 4125 1196 4174 hoc
1211 4137 1313 4173 ιιιιιιιοιο
1324 4123 1363 4173 vel
1378 4123 1403 4174 in
1414 4123 1593 4174 ιοοδίειιιιοευιιι
1608 4125 1647 4175 ιοί
1659 4126 1685 4175 in
1699 4127 1814 4178 militum
1831 4143 1872 4179 ετ·

251 4194 334 4242 ratum
349 4195 395 4242 est.
407 4194 499 4243 Decem
507 4192 626 4243 medimni
637 4193 747 4249 efficiunt
759 4198 806 4244 480
817 4194 957 4258 choenices‚
967 4198 1029 4248 adeo
1043 4201 1071 4246 ιιι
1084 4210 1114 4246 υτ
1126 4200 1156 4247 7⁰
1168 4195 1288 4245 militibus
1306 4193 1396 4256 singuli
1413 4196 1528 4259 septenos
1545 4194 1671 4246 choenioes
1684 4198 1802 4251 tulerint.
1816 4204 1873 4251 Vox

251 4261 297 4312 ἀνὰ
308 4263 417 4323 genitivo
426 4262 512 4325 Iuncta
523 4264 572 4313 islo
582 4276 654 4313 sensu
666 4266 757 4329 saepius
769 4279 784 4314 a
795 4266 923 4317 critobulo
933 4271 1075 4333 usurpatur.
1088 4269 1099 4333 Ι]
1115 4294 1142 4303 -
1154 4266 1169 4330 §
1181 4273 1203 4316 5.
1219 4265 1414 4330 ἀναρριχώμινοι]
1432 4266 1611 4329 δινορριχδμενοι
1630 4267 1686 4317 ωδ.
1702 4268 1714 4332 1]
1733 4296 1770 4308 -
1789 4272 1874 4328 αὐτοῖς

252 4332 426 4397 συμφερούσας]
437 4332 564 4383 adduntur
576 4335 601 4384 in
615 4336 732 4397 margine.
746 4336 757 4399 fl
780 4363 801 4372 -·
814 4336 830 4400 §
843 4340 866 4386 7.
877 4338 1069 4404 διακηρυκεθεται
1091 4337 1150 4401 σία]
1165 4336 1253 4387 Fusius
1273 4335 1304 4385 de
1325 4335 1365 4386 his
1383 4337 1483 4401 exponit
1497 4337 1706 4400 θθοΙουουιιδγΙοσ
1719 4353 1745 4403 p.
1760 4345 1821 4401 451,
1834 4346 1871 4391 6:

250 4407 297 4456 1ίαί
312 4408 335 4453 οἰ
350 4405 376 4454 ἐν
390 4411 420 4468 τῇ
441 4404 507 4455 πόλει
526 4405 685 4461 ἐπιλείποντος
701 4411 744 4456 τοῦ
758 4407 824 4456 σίτου
836 4410 947 4472 χαλεπῶς
964 4411 1059 4473 ῖοερον,
1072 4411 1113 4459 καί
1128 4408 1211 4466 λύγους
1225 4407 1333 4456 ἐδίδοσαν
1346 4405 1467 4466 ἀλλήλοις,
1480 4405 1617 4469 ἀφικόμενοι
1632 4407 1655 4462 ἐς
1667 4409 1710 4457 τδν
1726 4415 1768 4468 τῆς
1778 4414 1872 4467 πόλεως

250 4476 369 4541 ἀρχιερέα.
383 4474 481 4535 Ἆσάνης
497 4477 540 4538 μἐν
552 4475 594 4525 οδν
606 4481 702 4540 κατεῖχε
715 4478 743 4526 τδ
757 4478 844 4537 πλῆθος
855 4480 919 4529 ὥστε
934 4479 1076 4544 ἀνέχεσθαι,
1090 4478 1209 4542 ἀρχιερεὺς
1223 4477 1248 4526 δὲ
1261 4482 1303 4536 τῆς
1317 4474 1409 4532 πθλῑωε
1421 4477 1563 4531 ἀποστείλας
1578 4479 1611 4531 ὡς
1626 4478 1729 4540 βασιλέα
1752 4481 1876 4546 ἐσήμαινε

251 4547 318 4610 αὐτῷ
331 4548 373 4605 τήν
388 4546 494 4606 ίνδιιαν,
509 4547 550 4596 καί
563 4549 596 4603 ὡς
610 4546 676 4596 σιτία
689 4546 752 4596 πάνυ
764 4542 994 4611 δλίγα’ύπολείποιτο
1005 4554 1067 4601 ὥστε
1076 4552 1192 4614 ἀντέχειν.
1204 4551 1286 4598 Ταῦτα
1298 4546 1428 4608 πυθόμενος
1444 4548 1458 4596 δ
1473 4548 1585 4611 βασιλεὺς
1599 4548 1682 4607 λόγους
1700 4548 1771 4607 αὖθις
1782 4553 1872 4615 πρωί.

249 4636 314 4683 φερε,
329 4620 405 4680 λέγων
415 4619 504 4669 τοιάδε·
521 4636 534 4661 ι
552 4617 622 4683 Ἐμοί
634 4620 699 4682 παρὰ
714 4625 762 4670 τῶν
774 4621 799 4671 ἐν
812 4627 842 4685 τῇ
853 4622 922 4672 πόλει
937 4622 1080 4671 εὐνοούντων
1095 4620 1266 4681 διπαγγελλεται
1279 4616 1365 4678 δλίγων
1379 4616 1442 4666 πάνυ
1456 4620 1550 4683 ἡμερῶν
1568 4617 1739 4669 ιἰπολιίκεσθαι
1761 4623 1824 4685 ύμῖν
1842 4624 1876 4671 τά

251 4690 324 4738 σιτία.
337 4690 366 4739 Τί
380 4689 421 4739 οῦν
440 4690 628 4752 κακοδαιμονᾶτι
643 4691 684 4740 καί
697 4692 725 4741 ού
738 4693 880 4756 παραδίδοτε
891 4693 934 4752 τὴν
945 4694 1028 4750 πόλινς
1039 4711 1051 4735 ν
1063 4691 1179 4742 Ἐνταῦθα
1195 4692 1227 4745 ὡς
1239 4687 1416 4749 πυνθανομένου
1430 4689 1532 4739 ’λσάνεω
1543 4689 1623 4749 ἰλεγον
1637 4691 1660 4738 οἰ
1682 4693 1727 4739 τοῦ
1747 4692 1872 4749 βασιλέως

249 4759 279 4809 τὰ
291 4761 441 4820 καθήκοντα,
456 4761 607 4811 ἰδονλεύοντο
618 4766 686 4825 κοινῇ
696 4761 742 4812 εἰτι
752 4763 918 4825 παραδώασιεν
927 4764 969 4822 τὴν
981 4763 1049 4812 πόλιν
1057 4800 1063 4825 ,
1071 4762 1118 4811 είτε
1128 4762 1266 4824 ἀνεχόμενοι
1278 4757 1412 4819 ἀμύναντο-
1422 4758 1464 4813 Ὦς
1474 4760 1500 4807 δί
1508 4759 1727 4821 θπῑστθᾰμμίνθθς
1736 4762 1805 4825 ἰώρῑ
1817 4763 1872 4820 w&

250 4828 274 4879 ἰν
287 4834 316 4894 τῇ
329 4830 395 4880 πόλει
413 4831 454 4879 καὶ
469 4832 579 4894 χαλεπῶς
597 4831 723 4895 φέροντας,
738 4832 885 4882 ὑπόσπονδοί
905 4850 932 4883 τε
953 4834 1046 4891 ἐξῆλθον
1065 4833 1134 4888 αὐτός
1145 4848 1170 4880 τε
1181 4829 1276 4885 Ἀσίνης
1292 4827 1333 4875 καὶ
1350 4829 1364 4876 δ
1383 4827 1572 4891 λακεδαιρθιεοε
1590 4828 1727 4889 Λουκάνιος.
1740 4835 1871 4895 Ἀφικομέ-

249 4915 296 4949 νων
311 4902 335 4949 δί
349 4902 372 4957 ὲ
385 4903 467 4959 λόγους
478 4906 514 4964 τῷ
524 4903 632 4966 βασιλεῖ,
641 4901 743 4960 σπονδάς
752 4920 777 4953 τε
788 4904 948 4966 αἰτουμένων,
961 4904 1038 4966 ίλεγεν
1047 4902 1128 4958 αὐτοῖς
1141 4901 1208 4951 τέδε“
1226 4917 1238 4941 ι
1252 4896 1418 4956 Ἀπαγγείλατε
1431 4903 1467 4961 τῷ
1481 4901 1586 4963 ὑμετέρῳ
1600 4900 1699 4961 ἡγεμόνι
1712 4904 1746 4958 ὡς
1762 4904 1871 4960 σπονδᾶς

249 4972 368 5019 ποιεῖσθαι
380 4969 471 5032 έτοιμθς
483 4974 545 5032 εἰμι,
555 4972 591 5036 ἀφ’
604 4973 625 5034 ὁ
637 4974 680 5032 τήν
693 4975 774 5037 χώραν
786 4975 845 5033 ὅσην
860 4976 874 5024 δ
887 4974 984 5035 στρατὸς
995 4975 1105 5037 παρεξῄει
1118 4973 1177 5032 ἐμήν
1189 4985 1216 5019 τε
1227 4970 1302 5029 εἶναι,
1312 4968 1353 5016 καὶ
1369 4969 1440 5034 ρδρον
1453 4970 1552 5033 ἀπάγειν
1565 4970 1605 5019 διὰ
1618 4970 1662 5030 τὴν
1676 4971 1767 5031 λοισιὴν
1788 4976 1872 5039 χώραν

250 5040 420 5096 πανταεοσίους
430 5046 565 5104 στατῆρας,
578 5047 614 5105 τῷ
627 5043 651 5092 δί
663 5044 777 5107 ἡγεμόνι,
791 5045 826 5106 ἐρ’
840 5044 860 5107 ᾧ
874 5044 941 5094 τότε
955 5043 1049 5104 λίγειαν
1064 5044 1105 5093 καὶ
1119 5044 1215 5107 Πέτρας
1229 5040 1270 5087 καὶ
1287 5041 1329 5097 την
1347 5040 1466 5101 περίοικον
1486 5039 1639 5103 παραδιδόναι
1658 5044 1730 5103 ἡμῖν·
1740 5045 1765 5092 εί
1777 5045 1806 5094 δδ
1823 5047 1869 5107 μή,

251 5109 336 5159 αὐτίκα
347 5110 396 5172 ἀμια
408 5110 506 5162 ἐπιόντα
521 5129 550 5173 με
561 5114 737 5174 γινωσκόντων,
749 5134 761 5157 ν
775 5117 857 5164 Ταῦτα
868 5115 893 5164 δί
906 5116 938 5170 ὡς
950 5115 1080 5169 ἐνετελλςτο
1097 5115 1190 5174 αὐτοῖς,
1205 5112 1247 5159 καὶ
1259 5110 1283 5164 ἐς
1300 5110 1355 5167 τοὺς
1371 5112 1488 5173 ἡγεμόνος
1501 5109 1612 5172 &vitm
1630 5113 1682 5175 περὶ
1701 5114 1730 5162 τὸ
1744 5115 1873 5178 Ταΰγετον

251 5180 291 5236 τῆς
304 5181 442 5235 Λακωνικῖς
456 5182 629 5244 διατρίδοντας,
643 5181 794 5244 ἀπήγγελλόν
806 5200 832 5233 τε
843 5184 874 5233 τὰ
885 5183 948 5246 παρὰ
960 5185 1087 5247 βασιλέως·
1101 5185 1142 5233 καὶ
1155 5184 1242 5234 αὐτίκα
1258 5180 1349 5241 ἐδθκει,
1366 5182 1428 5230 ὥστε
1443 5184 1475 5241 μή
1488 5183 1607 5244 στέρεσθαΙ
1622 5182 1668 5240 ἤδη
1684 5183 1815 5244 ξυμπάσης
1830 5192 1872 5245 τῆς

252 5246 348 5309 χώρας,
359 5250 468 5310 πρέσδεις
482 5266 507 5298 τε
520 5252 622 5310 πέμπειν
633 5253 674 5299 καὶ
688 5252 804 5313 ἐμπεδοῦν
814 5251 880 5316 σφίσι
893 5253 934 5306 τὰς
946 5253 1049 5308 σπονδὰς
1059 5251 1094 5316 ἐφ’
1104 5253 1139 5309 οἷς
1149 5252 1295 5315 προετείνετο
1316 5253 1435 5314 βασιλεύς.
1451 5255 1590 5316 Πέμψαντες
1609 5253 1634 5302 δί
1647 5255 1761 5316 αρέσθεις
1782 5258 1829 5313 τάς
1842 5273 1873 5307 τε

252 5316 354 5373 σπονδὰς
367 5318 525 5382 ἰποιίσαντο,
536 5322 577 5371 καί
590 5322 633 5381 τήν
644 5324 725 5387 χώραν
741 5322 849 5373 ἀπέδωκε
863 5327 898 5387 τῷ
913 5324 1028 5387 βασιλέως
1042 5324 1143 5389 ὑπάρχῳ
1152 5324 1247 5388 Ὀμάρη
1266 5326 1317 5388 (τῆς
1334 5325 1463 5382 θετταλίας
1475 5326 1579 5389 ὕπαρχος
1596 5323 1649 5387 ἦν),
1661 5327 1689 5375 τό
1706 5344 1733 5376 τε
1753 5329 1876 5392 Αἰγειον,
