3842 6036
290 467 350 532 sse

291 595 380 674 πατὴρ
393 597 473 653 αὐτοῦ
488 589 729 672 Παλαμήδης,πρ“ο
742 594 836 669 μικροῦ
851 589 993 663 τελευτῶν,
1012 611 1061 647 κα·

293 684 398 744 τελιπεν
415 684 443 741 έν
460 688 518 747 ταῖς
533 681 613 739 αύτοῦ
627 680 762 749 διαθήκαις
776 677 853 737 αὐτόν
865 699 895 735 ττ
906 676 1009 756 Δωριέα
1021 676 1066 734 καὶ

291 772 340 844 τήν
352 777 397 832 τοῦ
409 768 587 851 πρτσόυτέρου
603 770 714 846 ἀδελφοῦ
724 771 834 844 γυναῖκα
847 765 959 832 καὶτοὺς
972 767 1068 832 παῖδας

293 858 470 940 κληρονόμους
484 880 513 916 τε
528 860 579 915 τῶν
600 858 679 915 αὐτοῦ
700 856 806 913 πάντων
823 853 848 923 ἐξ
864 855 933 925 ἴσης,
956 854 1002 912 καὶ
1021 858 1068 925 τῆς

297 953 381 1030 ἀρχῆς
397 945 549 1025 διαδόχους,
574 945 675 1018 μᾶλλον
694 942 722 1001 δέ
745 943 790 1001 καλ
809 941 839 1000 τὸ
861 941 939 1001 πλέον
962 945 989 1000 έν
1004 942 1068 1008 ’ταῖς

293 1036 430 1108 διαθήκαις
446 1034 521 1109 ἔνεμε
535 1031 619 1112 ταύτιρΙ
634 1054 663 1089 τε
683 1030 729 1089 καλ
743 1038 797 1097 τοῖς
810 1028 905 1102 ταύτης
916 1028 1019 1101 παισίν,
1033 1035 1069 1094 ὡς

291 1129 340 1195 τῆς
353 1126 439 1204 ἀρχῆς
455 1123 481 1188 ές
497 1123 541 1179 τδν
555 1117 731 1197 πρεσόύτερον
751 1115 809 1175 υἱέα
833 1118 913 1176 αὐτοῦ
929 1139 1068 1197 περιιστα-

298 1211 378 1287 μένης
393 1206 510 1285 δικαίως,
523 1208 581 1268 έπεί
598 1205 644 1264 καί
656 1203 696 1264 ἔτι
712 1204 828 1284 περιόντι
840 1207 854 1260 δ
867 1203 957 1284 πατὴρ
978 1203 1068 1284 ἐκείνῳ

295 1310 382 1358 πᾶσαν
405 1296 488 1355 ἔδωκε
507 1296 555 1367 τήν
572 1295 668 1374 ἀρχὴν,
687 1297 739 1350 τῶν
754 1295 780 1351 έν
799 1297 833 1372 τῇ
853 1291 990 1370 Μιτυλήνη
1003 1315 1067 1363 κτη·

298 1388 388 1462 μάτων
402 1386 488 1463 μόνων
505 1384 592 1463 κύριον
608 1380 744 1450 ἀποδείξας
762 1380 805 1440 τὸν
821 1379 934 1459 Δωριέα.
959 1380 992 1459 (ο)
1034 1379 1068 1441 Ὁ

300 1475 327 1533 δέ
345 1473 429 1559 βραχὺ
445 1472 583 1553 φροντίσας
596 1475 642 1529 τοῦ
656 1492 685 1528 τε
697 1469 799 1528 δικαίου
813 1469 923 1526 καὶτῶν
938 1469 1068 1541 διαθηκῶν

293 1566 338 1620 τοῦ
352 1561 463 1641 πατρὸς,
474 1560 541 1618 ἀλλά
552 1559 584 1631 δὴ
599 1558 645 1617 καί
659 1561 705 1629 τῆς
719 1555 787 1623 ἰδίας
803 1555 963 1637 ἀσφαλείας·
982 1558 1068 1636 ἀσφα·

294 1650 414 1729 λέστερος
434 1648 485 1729 γὰρ
508 1646 617 1724 ἔμελλεν
640 1636 706 1705 εἶναι
724 1646 841 1724 τηρήσας
861 1643 895 1702 τὰ
921 1643 985 1726 πρὸς
1008 1643 1068 1713 τοθς

294 1739 392 1804 παῖδας
409 1742 456 1796 τοῦ
472 1737 584 1815 ἀδελφοῦ
604 1736 693 1794 δίκαια
707 1734 754 1792 καλ
768 1733 816 1805 τήν
831 1732 929 1791 τούτοιν
951 1731 1064 1811 μητέρα·

294 1826 351 1886 ὁδί
367 1822 560 1904 παρωσάμενος
571 1823 619 1896 τήν
634 1847 663 1883 τε
680 1823 792 1901 γυναῖκα
816 1822 862 1881 καί
875 1820 934 1888 τούς
953 1823 1066 1893 παῖδας,

296 1913 393 1979 ἀδίκως
433 1910 562 1991 έγκρατλς
582 1910 682 1990 γίνεται
704 1915 749 1969 τοῦ
772 1932 801 1966 τε
826 1909 886 1968 κατ’
917 1899 986 1968 οἷκον
1010 1910 1067 1988 βίου

295 2000 393 2064 παντὸς
414 2000 460 2058 καί
484 2003 531 2068 τῆς
552 1999 614 2071 όλης
638 2001 736 2077 ἀρχῆς,
758 1997 866 2073 μηδενός
890 1995 989 2056 τούτων
1012 2020 1068 2053 πα-

297 2086 457 2168 ραχωρήσας
481 2094 535 2151 τοῖς
555 2108 583 2144 τε
606 2088 683 2144 παισί
697 2085 796 2163 καὶτῇ
819 2084 932 2162 γυναικί.
958 2083 991 2164 (ι)
1033 2083 1067 2144 ‘ii

296 2173 325 2234 δί
335 2174 365 2233 τὸ
378 2183 489 2255 πρδγμα
505 2176 532 2233 έν
555 2174 631 2250 δεινῶ
644 2172 766 2250 τιθεμένη
787 2173 834 2230 καῖ
848 2172 897 2245 τήν
918 2173 1067 2232 καταδυνα·

296 2261 384 2322 στείαν
409 2262 446 2338 μὴ
467 2260 642 2342 φέρουσα,τά
656 2263 704 2338 μὲν
726 2264 820 2343 πρῶτα
838 2264 923 2340 λόγοις
944 2263 1066 2341 έπιιράτο

296 2356 386 2409 τοῦτον
402 2355 449 2421 τῆς
461 2347 609 2417 πλεονεξίας
621 2349 748 2428 ἀπάγειν,
761 2350 793 2407 τά
805 2349 853 2427 μέν
869 2352 902 2409 δι’
918 2351 1018 2420 αὐτῆς,
1031 2347 1065 2405 ed

298 2437 327 2497 δὲ
340 2439 386 2497 καί
404 2438 448 2497 διὰ
464 2436 573 2506 ξυνετῶν
585 2438 631 2495 καὶ
646 2439 776 2517 φρονίμων
789 2439 889 2517 ἀνδρῶν
906 2441 958 2497 τῶν
972 2435 1067 2516 ταύτῃ,

297 2524 407 2603 προσέτι
423 2526 450 2585 δέ
468 2527 513 2584 καὶ
536 2524 638 2585 οἰκείων
653 2528 752 2598 αὐτοῖς,
773 2526 819 2585 καί
839 2519 876 2593 οἷς
900 2530 948 2607 οὐχ
970 2525 1067 2596 ἥκιστα

296 2615 403 2691 ἔμελλεν
418 2615 559 2681 ἀκινδύνως
582 2614 656 2693 ἔχειν
667 2615 700 2674 τλι
716 2619 762 2687 τῆς
778 2618 872 2695 ἀρχῆς.
897 2616 929 2693 (ι)
970 2613 1008 2674 Οἳ
1023 2614 1068 2672 καὶ

296 2707 479 2784 προσελθόντες
521 2705 639 2769 εύνοῖκῶς
675 2701 855 2769 ίυνεῦούλεοον
888 2704 960 2783 αύτῷ
987 2700 1069 2778 μηδὲν

297 2789 364 2860 όλως
378 2793 439 2872 περί
452 2792 498 2858 τάς
512 2797 558 2851 τοῦ
569 2789 666 2872 πατρὸς
674 2790 801 2863 διαθήκας
815 2799 990 2868 καινοτομεῖν,
1000 2791 1068 2868 μηδὲ

297 2882 534 2942 καταδυναστεύειν
557 2882 652 2940 ἐθέλειν
684 2879 733 2952 τήν
754 2903 783 2940 τε
804 2888 916 2956 γυναῖκα
941 2878 987 2938 καὶ
1010 2878 1070 2944 τοὺς

297 2970 392 3036 παῖδας
412 2975 457 3028 τοῦ
470 2970 593 3047 ἀδελφοῦ,
605 2968 653 3040 τήν
668 2990 696 3027 τε
711 2966 782 3028 θείαν
794 2965 900 3042 νέμεσιν
915 2964 1030 3043 δεδιότα,
1050 2966 1068 3036 ἣ

298 3062 437 3138 πανταχοῦ
461 3058 653 3137 περιερχομένη
667 3054 701 3113 τά
724 3058 775 3114 τῶν
801 3054 944 3133 ἀνθρώπων
966 3055 1067 3122 δικάζει

295 3146 412 3225 καὶτοὺς
427 3148 612 3222 ἀδικουμένους
623 3147 670 3204 καλ
686 3147 839 3211 ἀδικοῦντας
850 3148 909 3223 δρᾷ,
921 3142 970 3214 τήν
984 3149 1078 3201 τετοῦ·

297 3240 455 3312 κρατοῦντος
478 3233 542 3313 πρὸς
556 3235 589 3291 τά
607 3239 715 3291 τοιαῦτα
728 3232 810 3313 βοπήν
826 3231 871 3290 καί
886 3232 916 3289 τὸ
931 3230 1030 3312 σφόδρα
1040 3255 1068 3290 τε

297 3322 477 3401 ἀπαραίτητον
492 3322 537 3380 καὶ
548 3323 732 3381 ἀδιάλλακτον.
742 3324 775 3396 (ε)
816 3321 886 3379 Οὐδὲ
899 3319 950 3398 γὰρ
961 3319 1069 3377 ἀνεκτὸν

296 3409 384 3486 ίλεγον
394 3407 501 3468 ἔσεσθαι
514 3412 568 3476 τοῖς
582 3407 759 3486 ἀδικουμένοις
773 3412 835 3486 σιγῇ
846 3411 987 3484 καθῆσθαι,
1001 3407 1070 3465 ἀλλά

300 3496 440 3567 ζητήτουσι
451 3495 476 3564 ἐξ
490 3495 605 3563 άπαντος
618 3495 716 3574 τρόπου
731 3495 761 3555 τό
773 3498 873 3553 ἑαυτῶν
885 3493 1005 3571 δίκαιον,
1023 3495 1068 3553 καί

297 3582 510 3653 καταόοήσονταί
521 3607 567 3644 σου
577 3583 640 3663 πρὸς
652 3582 696 3641 τὸν
711 3583 821 3663 βασιλέα
832 3581 899 3664 βητά
908 3580 955 3640 καί
965 3581 1068 3661 ἀρρητα

296 3671 453 3742 έξειπόντες·
469 3672 515 3730 καὶ
529 3673 577 3751 ὅρα
590 3676 629 3743 πῆ
651 3673 802 3744 τελευτήσει
819 3672 850 3730 τὸ
868 3677 995 3748 πρᾶγμα·
1010 3671 1067 3729 ἀλλ’

296 3759 322 3820 εί
338 3783 364 3819 τι
381 3758 448 3837 κήδῃ
463 3764 561 3818 σαυτοῦ
573 3780 601 3816 τε
615 3756 661 3817 καί
675 3760 751 3833 ἡμῶν
771 3756 877 3830 καὶτῆς
893 3754 955 3829 όλης
968 3760 1069 3835 ἀρχῆς,
1091 3767 1099 3783 ’

296 3848 424 3927 πρόσθητι
435 3845 469 3906 τδι
477 3847 600 3926 βέλτιστα
614 3844 858 3922 ξυμόουλευομένοες
868 3847 944 3921 ἡμῖν,
956 3845 1002 3903 καί
1013 3867 1069 3904 κοι-

296 3936 371 3994 νώνει
383 3939 435 3995 τῶν
449 3958 477 3994 τε
492 3935 657 4013 πραγμάτων
675 3932 721 3993 καί
736 3938 782 4005 τ’ής
795 3936 879 4013 ἀρχῆς
888 3941 944 3999 τοῖς
954 3956 984 3991 τε
993 3934 1068 3992 παισί

299 4026 344 4079 τοῦ
355 4022 468 4101 ἀδελφοῦ
482 4022 527 4089 καί
542 4025 575 4100 τῇ
589 4018 703 4097 γυναικί,
719 4022 890 4099 παραχωρῶν
908 4022 945 4098 τῷ
958 4018 1068 4099 δικαίῳ·

297 4109 342 4167 καῖ
356 4108 423 4167 οὕτω
438 4107 544 4189 χρηστά
563 4131 592 4166 τε
614 4106 659 4165 καὶ
683 4107 780 4185 ἄριστα
803 4108 847 4166 καί
868 4106 997 4188 θουλεύση
1023 4109 1068 4166 καί

298 4197 400 4277 δράσεις
413 4199 502 4275 σαυτῷ
516 4195 563 4254 καλ
578 4202 646 4272 ἡμῖν
669 4204 750 4254 πᾶσιν
765 4197 910 4277 έπωφελῆ,
935 4195 1068 4275 εἰρηνικήν

298 4304 327 4343 τε
348 4282 412 4350 ίξιις
437 4290 482 4343 τοῦ
509 4284 601 4343 λοιποῦ
628 4283 674 4343 καί
696 4282 832 4343 ἀκίνδυνον
856 4282 903 4352 τὴν
932 4284 1068 4362 λαχοῦσαν

635 503 639 509 -
704 458 906 519 CRITOBULI
926 456 1190 520 HISTORIARUM
1210 459 1283 520 LIB.
1306 458 1344 535 11,
1367 458 1473 521 iiii.

1121 588 1185 668 πρὸς
1199 589 1278 648 αὐτὸν
1293 589 1412 668 λέγοντες
1428 592 1475 649 οὐκ
1487 590 1589 652 ἔπειθον
1610 593 1692 669 ὅμως.
1732 593 1768 655 Ἡ
1781 595 1807 655 δέ
1822 597 1879 674 γυνή

1121 676 1220 736 τούτων
1240 678 1390 754 ἀπογνοῦσα
1413 678 1545 761 καθάπαξ,
1569 681 1730 761 καταφεύγει
1759 683 1821 763 πρός
1841 684 1879 744 τὸν

1122 769 1278 845 κρατοῦντα,
1287 766 1332 823 καλ
1345 765 1445 843 πέμπει
1461 766 1493 838 δή
1507 766 1623 844 πρίσόυν
1640 792 1668 827 τε
1684 770 1730 828 καί
1741 772 1824 843 ἱκέτην
1840 773 1879 832 τδν

1122 852 1187 932 πρὸς
1199 853 1296 933 μητρὸς
1313 859 1380 913 θεῖον
1392 857 1469 937 αὐτῇ.
1522 855 1558 917 Ὁ
1578 857 1606 915 δέ
1629 858 1781 937 ἀφικόμενος
1804 861 1878 936 λύπην

1122 963 1151 1000 τι
1162 939 1231 1020 ἔχων
1243 942 1289 1000 καί
1301 943 1406 1002 δικαίαν
1418 944 1497 1025 ἀργήν
1511 945 1557 1004 καί
1575 945 1633 1021 ἅμα
1651 947 1803 1026 βουλόμενος
1819 952 1878 1026 ἀμύ-

1122 1034 1217 1088 νασθαι
1230 1028 1275 1088 τὀν
1290 1032 1441 1104 ἀδικοῦντα,
1457 1034 1480 1090 εί
1494 1032 1545 1091 δέοι
1559 1034 1604 1091 καὶ
1618 1038 1711 1101 κοινῶς
1728 1034 1878 1104 ξυνεκπετεῖν

1122 1121 1169 1189 τῆς
1185 1119 1278 1198 ἀρχῆς,
1297 1118 1312 1177 δ
1335 1120 1367 1190 δή
1381 1143 1433 1179 που
1452 1121 1497 1181 καί
1516 1120 1622 1200 γέγονε,
1646 1110 1735 1183 πολλδιΙ
1757 1128 1878 1206 κατεφόρει

1122 1205 1187 1283 πρὸς
1198 1206 1242 1265 τὸν
1259 1208 1370 1285 βασιλέα
1392 1213 1436 1268 τοῦ
1458 1209 1594 1288 Δωριέως,
1617 1214 1653 1279 ὡς
1674 1212 1779 1282 δύσνους
1798 1238 1823 1272 τε
1843 1216 1876 1285 είη

1122 1293 1205 1372 λέγων
1215 1298 1296 1375 αὐτῷ,
1311 1297 1355 1355 καὶ
1366 1297 1499 1376 νεωτέρων
1512 1301 1633 1375 ἐπιθυμεῖ
1646 1299 1690 1359 καί
1708 1304 1877 1382 κοινολογτῖται

1123 1390 1176 1449 τοῖς
1188 1383 1300 1450 Ἰταλοῖς
1321 1382 1365 1442 καί
1391 1381 1460 1444 όπλα
1482 1384 1599 1463 ξυλλέγει
1622 1388 1667 1446 καί
1698 1389 1817 1468 φρουρούς
1838 1416 1875 1467 pu·

1123 1476 1228 1532 αθοῦται
1238 1471 1284 1530 καί
1296 1472 1412 1554 φύλακας
1432 1475 1625 1551 έγκαθιστάνειν
1643 1474 1762 1555 βούλεται
1775 1477 1840 1558 λίνῳ
1854 1503 1877 1537 τε

1124 1558 1169 1616 καί
1183 1567 1238 1625 ταῖς
1251 1559 1337 1630 νήσοις
1353 1560 1398 1618 καί
1417 1559 1483 1627 όλως
1504 1564 1529 1627 ές
1547 1563 1712 1622 ἀποστασίαν
1726 1567 1785 1644 δρᾷ·
1807 1565 1846 1623 καί
1858 1568 1877 1622 εί

1123 1647 1162 1723 μή
1174 1651 1282 1721 θᾶττον,
1297 1647 1387 1729 ἔλεγε,
1401 1650 1571 1730 προληφθείη,
1595 1650 1646 1710 κάν
1661 1652 1687 1717 ές
1707 1650 1778 1731 ἔργον
1791 1651 1840 1721 ἀξει
1852 1654 1877 1712 τό
1893 1704 1894 1707 ,

1123 1737 1341 1812 σπουδαζόμενον.

1162 1827 1228 1886 ΧΙΙ.
1243 1826 1335 1885 Ταῦτά
1348 1850 1377 1886 τε
1391 1825 1437 1886 καί
1456 1824 1542 1886 πολλὰ
1555 1835 1665 1887 τοιαῦτα
1678 1828 1755 1886 εἰπὼν
1769 1830 1792 1895 ές
1810 1827 1876 1907 ἀργήν
1893 1836 1894 1859 ¹

1122 1936 1151 1973 τε
1168 1912 1213 1970 καὶ
1227 1913 1307 1988 θυμὸν
1320 1914 1363 1972 τὸν
1379 1913 1489 1994 βασιλέα
1503 1921 1579 1974 κινεῖ.
1623 1913 1658 1975 Ὁ
1670 1915 1697 1973 δέ
1711 1914 1793 1974 οὐκέτι
1809 1918 1874 1974 καθε·
1893 1978 1894 1995 3

1123 1998 1184 2066 κτὸς
1197 1990 1244 2072 ήν,
1261 1997 1321 2058 ούδέ
1335 2006 1425 2078 γετοῦ
1440 2004 1531 2060 λοιποῦ
1550 2000 1659 2077 μέλλειν
1673 2001 1736 2083 ᾤετο
1748 2003 1809 2062 δεῖν·
1826 2000 1874 2060 οὐδὲ

1122 2085 1174 2169 γάρ
1188 2088 1325 2166 παροπτέα
1340 2091 1364 2146 οἱ
1378 2090 1411 2147 τδι
1428 2093 1474 2160 τῆς
1491 2088 1572 2149 Αἴνου
1588 2080 1654 2148 εἶναι
1678 2090 1770 2161 ἐδόκει,
1783 2089 1836 2148 ούδέ
1849 2111 1873 2165 γε
1893 2080 1894 2141 }

1124 2174 1192 2242 όλως
1208 2175 1341 2252 ἀμελητέα
1361 2177 1461 2244 πολεως
1478 2177 1557 2256 λόγου
1580 2177 1653 2246 ἀξίας
1677 2181 1776 2238 πολλῶν
1794 2179 1871 2245 ένεκα,

1125 2260 1171 2320 καί
1193 2263 1327 2342 προσόδων
1350 2265 1471 2341 μεγάλων
1499 2264 1545 2323 καί
1567 2266 1666 2333 θέσεως
1691 2267 1816 2346 ἐπικαίρου
1835 2264 1871 2322 καί

1124 2351 1219 2429 ἀρετῆς
1233 2355 1281 2429 γῆς
1298 2351 1345 2410 καί
1365 2353 1469 2411 πολλῶν
1498 2353 1598 2413 ἄλλοιν.
1619 2355 1652 2434 (υ)
1692 2349 1764 2420 Αἶνος
1784 2355 1829 2433 γάρ
1846 2343 1872 2423 ήν
1893 2374 1894 2397 1

1124 2437 1171 2513 μίν
1185 2437 1215 2496 τὸ
1229 2438 1343 2497 παλαιὸν
1361 2438 1435 2506 πόλις
1453 2440 1564 2518 μεγίστη
1583 2445 1635 2501 τῶν
1650 2443 1784 2512 Αἰολίδων,
1797 2440 1836 2499 ίπί
1849 2461 1871 2496 τι
1893 2446 1894 2479 ί

1124 2524 1183 2604 δόξῃ
1198 2525 1245 2584 καί
1255 2526 1361 2607 πλούτῳ
1371 2527 1417 2585 καὶ
1429 2529 1567 2610 δυναστεία
1585 2530 1654 2610 μέγα
1673 2534 1807 2613 φρονοῦσα,
1821 2527 1872 2604 ξυμ·

1124 2613 1211 2683 πάσης
1224 2636 1253 2672 τι
1268 2617 1313 2685 τῆς
1330 2613 1388 2673 καθ’
1412 2614 1493 2687 αὑτήν
1512 2618 1648 2697 παραλίας
1665 2622 1802 2697 κρατοῦσα,
1815 2612 1870 2672 ἀλλά
1893 2624 1894 2681 j

1125 2701 1157 2771 δὴ
1171 2702 1217 2761 καί
1231 2705 1283 2760 τῶν
1298 2701 1384 2773 νήσων
1399 2701 1484 2764 ένίων.
1529 2708 1629 2765 Κεῖται
1648 2708 1696 2786 γάρ
1713 2709 1737 2765 έν
1757 2702 1870 2779 καλλίστῳ

1123 2793 1170 2861 τῆς
1183 2790 1314 2869 παραλίας
1327 2789 1437 2870 Θρηίκης
1450 2794 1535 2851 τεκαὶ
1550 2796 1730 2871 Μακεδονίας,
1744 2795 1770 2851 έκ
1782 2812 1868 2867 μεσημ·
1893 2864 1894 2869 ¹

1125 2875 1200 2957 όρίας
1215 2877 1262 2953 μέν
1278 2877 1374 2956 ἔχουσα
1388 2879 1431 2938 τόν
1445 2904 1474 2939 τε
1488 2883 1603 2958 Αἰγαῖον
1618 2883 1662 2941 καὶ
1673 2882 1717 2949 τάς
1729 2880 1810 2952 νήσους
1821 2898 1867 2933 πθ·

1125 2964 1448 3046 ρακειμέναςἼμόρονκαλ
1456 2970 1564 3043 Λῆμνον
1575 2971 1624 3028 καλ
1632 2971 1677 3035 ei<
1686 2967 1779 3038 λοιπάς,
1787 2962 1867 3032 καὶτλυ

1125 3054 1187 3112 ἀπὸ·
1197 3053 1296 3113 τούτοιν
1308 3055 1436 3133 ἐμπορίαν
1458 3056 1578 3123 δαψιλῶς
1596 3057 1770 3137 καρπουμένη·
1789 3049 1867 3110 ἀπὸδὲ
1893 3098 1894 3127 γ

1125 3139 1221 3219 ἀρκτου
1227 3133 1448 3219 Εύρονποταμὸν,
1457 3140 1484 3209 δς
1494 3141 1524 3201 ἔκ
1537 3168 1566 3203 τε
1575 3150 1626 3217 τῆς
1634 3147 1686 3205 άνω
1693 3139 1825 3206 Μυσίαςκαὶ
1831 3140 1868 3194 τοῦ
1893 3132 1894 3183 ί

1126 3227 1240 3304 Ᾱίμονος
1251 3229 1326 3308 όρους
1338 3228 1384 3296 τάς
1404 3229 1490 3303 πηγὰς
1508 3230 1576 3311 ἔχων
1599 3234 1639 3314 ῥεῖ
1650 3232 1691 3292 διὰ
1703 3236 1743 3302 τῆς
1752 3224 1869 3304 μεσογείας
1893 3222 1894 3299 ί

1124 3313 1233 3397 Θρηίκης
1257 3339 1285 3374 τε
1304 3316 1348 3397 ηαῖ
1375 3318 1558 3392 Μακεδονίας,
1583 3322 1651 3381 κατά
1669 3312 1815 3398 μεσημόρίαν
1833 3309 1867 3367 ἀεί
1893 3336 1894 3385 γ

1124 3403 1310 3481 πορευόμενος,
1325 3401 1423 3483 προῖὼν
1435 3404 1462 3463 δὲ
1476 3406 1545 3464 κατὰ
1563 3410 1655 3487 μικρὸν
1669 3402 1764 3474 καλιήν
1777 3401 1865 3476 dipu-
1892 3388 1894 3479 ί

1124 3496 1168 3550 νοῦ
1183 3492 1338 3573 παραρρέων
1352 3491 1434 3570 μέγας
1447 3516 1477 3551 τε
1491 3493 1593 3572 γίνεται
1613 3496 1658 3555 καί
1670 3493 1740 3554 ναυσὶ
1760 3484 1867 3564 aperie,

1125 3578 1263 3659 δεχόμενος
1273 3580 1318 3639 καῖ
1331 3579 1433 3660 ἑτέρους
1446 3582 1581 3658 ποταμοὺς
1590 3570 1864 3645 έσόάλλονταςίιαῦῐὸνι

1124 3668 1168 3727 τόν
1181 3693 1209 3728 τε
1224 3667 1387 3729 Κοντάεοδον
1397 3668 1591 3747 καῖ’λγριάνην
1609 3671 1653 3731 καί
1665 3669 1766 3750 Τέαρον
1802 3662 1829 3741 (i)
1839 3657 1861 3719 i<
1893 3690 1894 3721 i

1125 3754 1157 3828 δή
1179 3755 1279 3835 Τέαρος
1302 3757 1333 3814 έκ
1347 3780 1375 3815 τε
1410 3763 1456 3816 τοῦ
1478 3760 1671 3837 παρακειμένου
1699 3757 1765 3834 ὄρους
1785 3744 1866 3828 μῑῖθίί
1893 3810 1894 3833 ,

1125 3843 1235 3926 Ἡραίου
1248 3868 1277 3903 τε
1290 3844 1338 3904 καί
1352 3845 1526 3913 Ἀπολλωνίας
1541 3852 1589 3915 τῆς
1602 3846 1665 3927 πρδς
1680 3842 1782 3919 Εὐξείνῳ
1794 3835 1865 3910 πόθῐί)
1893 3838 1894 3909 ί

1124 3933 1170 4000 τδς
1182 3932 1269 4009 πηγὰς
1284 3932 1352 4011 ἔχων
1364 3934 1394 3991 έκ
1409 3933 1507 4013 πέτρας
1519 3935 1639 4015 βιούσας,
1654 3935 1696 3993 καὶ
1709 3922 1830 3990 καλλιστόν
1842 3941 1864 3976 τε
1893 3914 1894 3991 ί

1125 4020 1170 4080 καί
1188 4019 1388 4098 ποτιμῶτατον,
1412 4020 1482 4079 ἀλλά
1505 4022 1537 4093 δή
1561 4022 1607 4081 καί
1637 4014 1819 4102 ὠφελιμώτατον
1842 4006 1864 4061 ἕν
1893 4036 1894 4113 γ

1123 4110 1229 4174 πολλοῖς
1249 4107 1323 4187 ὕδωρ
1339 4104 1462 4168 ἀπόντων
1485 4109 1556 4190 ἔχειν
1581 4116 1744 4192 μαρτυρεῖται
1761 4094 1823 4179 πυρί
1841 4116 1863 4151 τί
1893 4130 1894 4159 ι

1123 4202 1176 4257 τῶν
1195 4195 1279 4271 ταύτῃ
1299 4196 1478 4277 προσχώρων,
1497 4198 1566 4256 ἀλλά
1587 4197 1620 4271 δή
1637 4197 1680 4256 καί
1702 4194 1734 4252 δι’
1747 4190 1805 4249 deu
1820 4186 1860 4263 ῥεῖ·
1893 4254 1894 4273 ,

1124 4287 1156 4362 (ι)
1197 4283 1233 4344 Ὁ
1248 4284 1271 4343 δ’
1280 4277 1323 4343 odi
1338 4277 1422 4364 Εύρος
1436 4286 1533 4345 καττῶν
1545 4309 1574 4344 τε
1588 4287 1632 4344 καὶ
1646 4283 1705 4363 πρὸς
1717 4284 1751 4357 ’ᾧ
1766 4270 1865 4353 Δορίσκῳ

300 4371 397 4452 ἀρχήν.
442 4372 476 4451 [u]
490 4374 515 4431 Τ
517 4373 584 4431 αῦτά
600 4395 629 4430 τε
652 4371 698 4430 καί
710 4377 820 4431 τοιαῦτα
838 4370 926 4431 πολλά
943 4371 1069 4436 πολλάκις
1122 4371 1255 4452 γενόμενος
1269 4370 1315 4429 καί
1327 4372 1482 4455 παραρρέων
1496 4374 1574 4433 αύτὸν
1587 4375 1663 4442 ἔξεισι
1673 4368 1721 4448 πρὸ
1732 4369 1772 4424 τυῧ
1781 4355 1864 4434 didm
1893 4450 1894 4455 ¹

301 4465 1864 4504 *W

297 4565 321 4615 p.
336 4549 508 4612 du9‚9uerbu
520 4550 630 4614 tetigisse
639 4549 700 4600 εοῖῖε
714 4549 817 4611 θεθεπις
833 4549 915 4614 paullo
931 4548 1011 4599 fusius
1023 4547 1054 4599 de
1074 4562 1104 4600 οε
1131 4548 1229 4612 exponit
1241 4549 1408 4601 Seededdinue
1425 4557 1449 4613 ε,
1462 4564 1487 4614 p.
1505 4554 1557 4602 dui.
1572 4550 1638 4600 Αθοε
1655 4547 1765 4607 auctoru,
1776 4537 1864 4617 ίθῐθίίί
1893 4540 1894 4603 ἶ

297 4621 381 4671 laudat
394 4622 541 4671 Hammeme
557 4627 580 4680 ε,
598 4632 623 4684 p.
637 4627 676 4679 22,
689 4618 752 4670 nihii
762 4623 846 4671 temen
861 4626 944 4671 uenat
955 4623 1047 4683 preter
1057 4633 1087 4671 ee
1105 4633 1161 4684 que
1172 4622 1198 4672 in
1213 4619 1364 4673 seededdino
1383 4619 1507 4685 leguntur.
1526 4623 1632 4671 cauum
1649 4610 1800 4680 expeditionis
1815 4604 1861 4650 θυι·
1893 4616 1894 4673 2

296 4689 418 4747 deddiuus
427 4689 502 4740 fuisse
513 4688 574 4739 dicit
587 4689 654 4753 quod
667 4690 752 4740 incole
765 4691 925 4754 cypselurum
942 4693 968 4741 et
982 4688 1124 4741 Feredcde'd
1137 4693 1219 4757 oppidi
1238 4696 1444 4754 euuquerereulur
1459 4692 1491 4741 de
1504 4692 1581 4741 AEuiie
1596 4698 1679 4740 εοειοε
1694 4680 1799 4747 fugitiuos
1813 4672 1863 4720 Tus·
1893 4676 1894 4737 ί

297 4774 383 4811 eorum
392 4761 553 4813 retinentibus
563 4761 644 4824 deque
662 4760 771 4825 principe
783 4760 852 4811 urbis
861 4760 951 4811 salines
963 4761 1042 4825 regius
1054 4761 1225 4814 fraudulenter
1239 4760 1433 4813 administrante.
1446 4760 1526 4826 Longe
1540 4752 1643 4825 piurima
1651 4757 1818 4813 eorumdum·
1833 4741 1863 4786 ¹¹'
1893 4810 1894 4841 γ

299 4836 327 4883 iu
340 4832 482 4883 Critobulus
499 4835 593 4892 nefrat,
606 4830 704 4882 aliunde
718 4845 767 4881 uon
785 4835 844 4881 ποια
861 4834 927 4882 eunt.
948 4832 958 4893 ΙΙ
972 4830 1032 4894 —§
1049 4832 1194 4896 1.υῖεά]εῖο
1211 4845 1282 4896 nugo,
1304 4833 1354 4883 υίὸν
1374 4834 1435 4883 text.
1448 4831 1502 4896 11-
1515 4833 1530 4895 §
1545 4836 1569 4883 3.
1581 4826 1688 4893 προσέτι]
1701 4824 1781 4887 ιυίλὶυν
1801 4817 1860 4889 ’ΜΡ
1893 4872 1894 4891 ,

297 4903 414 4967 seriptum
429 4903 439 4967 ΙΙ
453 4934 483 4946 -
496 4902 543 4966 §lu
559 4903 647 4968 ῥοπήν]
659 4916 690 4951 an
700 4903 787 4966 δργήνε
803 4902 814 4965 1]
829 4929 861 4939 -
873 4903 889 4966 §
901 4908 915 4951 5
928 4904 956 4951 τὸ
969 4904 1059 4952 ἑαυτῶν
1067 4903 1171 4967 δίκαιον]
1184 4905 1211 4953 ιδ
1224 4905 1283 4953 ῑδιον
1292 4904 1314 4953 δ.
1330 4914 1404 4966 supra
1420 4901 1503 4965 script.
1519 4897 1530 4965 Ι]
1546 4906 1617 4959 -πῆ
1632 4893 1757 4951 τελευυίσει
1767 4886 1792 4934 '⁶
1806 4888 1862 4939 '¹⁹¹²'
1893 4898 1894 4951 ζ

299 4974 348 5037 μα]
368 4982 400 5033 πῆ
416 4977 548 5034 τελευτήσει
564 4976 591 5024 τὸ
602 4975 676 5023 δεινόν
690 4986 755 5037 ungu.
770 4974 780 5033 ΙΙ
795 5003 823 5014 -
836 4973 883 5036 §d
897 4973 987 5023 τούτων
1000 4973 1151 5038 ἀπογνοῦσα]
1163 4978 1205 5023 τοῦ
1219 4974 1304 5023 πείθειν
1321 4969 1346 5022 ἀ.
1358 4984 1422 5036 lngo.
1893 4976 1894 4981 ’

329 5045 438 5108 x11.§2.
452 5046 524 5101 πυτς
538 5048 585 5093 τω
600 5044 734 5108 ιιοιιεω]
748 5045 786 5095 οι.
804 5044 953 5103 Heredum,
970 5047 1013 5104 τη
1026 5044 1103 5095 τωο.
1118 5049 1141 5104 7,
1152 5048 1195 5102 τω
1211 5044 1300 5107 Ephori
1310 5042 1341 5092 π.
1354 5047 1384 5093 νο
1398 5045 1455 5107 (τι.
1467 5042 1532 5093 πω.
1544 5047 1565 5104 1,
1575 5054 1599 5105 p.
1611 5038 1684 5097 οεειτ
1697 5032 1804 5093 scymnus
1814 5016 1861 5067 ⁶⁹⁰³

299 5115 386 5163 sirubo
397 5113 464 5165 lib.7
480 5117 509 5164 ir.
520 5120 565 5174 θος
584 5115 700 5178 stephan.
717 5118 775 5178 Byz.
789 5128 814 5166 ν.
837 5116 925 5175 ,οἶνοςς
945 5115 1009 5165 Mela
1026 5122 1050 5176 2,
1066 5122 1096 5175 υς
1117 5114 1203 5179 ν’ῖηιθ.
1220 5118 1274 5166 AEn.
1295 5119 1318 5174 ³,
1335 5120 1371 5166 18.
1385 5115 1395 5179 ΙΙ
1414 5143 1441 5152 -
1456 5112 1546 5178 Εὗρον]
1560 5109 1667 5163 similiter
1681 5102 1695 5165 θ
1712 5105 1734 5151 ί·
1754 5093 1815 5154 W
1826 5090 1862 5162 ΡΝ
1893 5108 1894 5179 p

298 5183 391 5246 Ἤρας.
408 5185 421 5247 1]
431 5212 461 5220 -
475 5186 635 5248 Κοντάετδον]
651 5186 825 5245 deponendum
844 5186 1005 5237 essevideiur
1017 5187 1174 5237 κοντάδεεδον
1189 5200 1221 5237 εκ
1234 5186 1324 5236 uostris
1340 5184 1467 5235 codicibus
1484 5181 1600 5235 Herodoti
1616 5176 1706 5243 (mo),
1716 5175 1782 5232 quem
1798 5153 1863 5269 ⁰⁰⁸⁰}

295 5252 372 5302 vbuius
386 5252 418 5301 ul)
433 5254 519 5303 oculus
532 5253 626 5304 habuit.
636 5253 669 5302 Ὃ
685 5254 710 5304 dd
720 5256 806 5319 Τέαρος
818 5255 892 5319 (Her.
905 5256 998 5321 inquii)
1012 5259 1102 5319 λέγεται
1116 5259 1163 5308 dud
1180 5263 1228 5307 τῶν
1240 5256 1363 5320 περιοίκων
1379 5256 1438 5307 εἶναι
1456 5259 1569 5318 ποταμῶν
1586 5251 1690 5316 dumi·
