3842 6036
1895 288 1896 347 Q

1895 354 1896 391 ι

279 445 318 505 98
609 476 613 483 -
698 439 901 502 CRITOBULI
921 442 1183 505 HISTORIARUM
1204 447 1276 506 LIB.
1299 449 1322 521 1,
1348 450 1450 511 9969.

1895 544 1896 581 ι

277 571 389 654 στρατιὰ
400 570 542 650 ληιζομίνη
554 569 603 643 τήν
621 571 703 645 άλλην
718 571 826 651 πάλιν),
843 571 890 632 καλ
902 571 1046 647 ξυμύολένν
1102 575 1201 650 ταύτην
1218 576 1328 636 ἐκίνωσε
1343 580 1388 636 καί
1406 578 1534 657 ἠρήμωσε
1547 577 1594 637 καί
1611 577 1694 659 πυρδς
1714 579 1786 651 δίκην
1801 582 1859 663 ἧφά·

276 664 366 730 αὐτοῖς
379 661 503 741 τρέπεται
517 660 563 719 καὶ
579 659 679 740 φονεύει
693 660 794 728 πάντας
808 661 906 736 αὖτάί,
921 659 989 723 ὥστε
1004 662 1048 721 διὰ
1104 688 1160 726 νισε
1172 665 1217 725 καί
1230 667 1389 747 ἠμαύρωσεν
1401 666 1464 727 ὥσθ’
1483 666 1739 738 δλωςάπιστηθῆνιιι
1750 671 1771 725 ελ
1782 659 1860 739 καλήν
1895 722 1896 737 ,

275 753 328 809 τῶν
343 749 432 807 πυλῶν
446 738 514 824 αἷμα
529 750 622 828 ῥυῆναι
633 748 712 810 πολύ.
1104 751 1131 809 ἐν
1145 753 1213 831 αὐτῇ
1227 775 1292 812 ποτε
1312 750 1330 823 ἢ
1352 753 1496 834 ἀνθρώπων
1516 753 1617 827 οίκηοις
1633 752 1651 825 d.
1669 756 1776 822 πλοῦτος
1792 754 1860 827 ἢπι·
1895 748 1896 811 ί

316 836 415 898 val.
429 836 476 895 Ἐν
485 836 569 916 τούτῳ
587 837 614 894 δὲ
627 836 674 894 καὶ
689 840 706 907 ἠ
720 836 788 910 άλλη
802 837 913 918 οτρατιδι
927 839 1049 919 ἐφθάκει,
1109 839 1208 918 ριουσία
1230 840 1330 906 πόλεως
1346 840 1363 912 ἢ
1377 842 1445 913 οἷλλη
1461 865 1500 909 τις
1512 843 1571 900 κατ’
1587 832 1659 900 οἶκον
1678 843 1821 916 κατασκευή
1836 868 1859 903 τι
1895 894 1896 903 .

273 922 564 1004 δμοίωςδέκαλδιθτῶν
575 924 661 983 σίλλων
672 924 904 1005 παραλίωνπυλῶν
918 927 1051 1007 ἐσεχέοντο
1108 927 1153 986 καλ
1174 928 1342 1008 περιφάνεια,
1359 930 1405 1011 καί
1424 934 1508 989 ταῦτα
1527 928 1597 989 οὕτω
1617 931 1743 1012 λαμπρᾶς
1761 932 1802 991 καί
1821 958 1859 1011 με·

273 1014 420 1093 λαμπρῶς,
441 1012 537 1078 ταύτας
562 1011 719 1089 ξυγκλῶντες
747 1013 793 1072 καὶ
823 1013 1047 1090 καταύάλλοντες,
1105 1015 1189 1092 γάλης
1197 1016 1368 1096 ὑπαρχούσης
1381 1018 1494 1085 πόλεως·
1509 1008 1575 1078 οέκοι
1594 1016 1623 1076 δέ
1643 1017 1721 1093 μόνον
1741 1021 1858 1079 ἐναπελεί·

272 1102 319 1161 καί
330 1101 412 1169 οὕτως
424 1098 494 1160 άπαν
503 1102 534 1160 τὸ
543 1099 694 1182 στράτευμα
702 1102 754 1159 τῶν
768 1104 833 1160 νεῶν
843 1102 896 1176 ήδη
907 1104 1049 1164 σκεδασθὲν
1104 1108 1205 1184 φθησαν
1220 1105 1315 1184 ἔρημοι
1328 1105 1373 1163 καλ
1389 1105 1468 1188 φάύον
1486 1106 1647 1187 παράγοντες
1662 1110 1715 1174 τοῖς
1729 1111 1803 1187 δρῶσι
1819 1108 1854 1168 dd
1895 1110 1896 1185 Q

274 1189 427 1250 mindam
442 1187 577 1261 intenditur
591 1189 714 1267 τρέπεται
729 1193 755 1256 ἐς
768 1188 928 1272 διαρπαγήν,
957 1191 1049 1264 ληίζά-
1103 1189 1152 1262 τήν
1168 1193 1279 1273 ἐρημίαν
1294 1193 1387 1256 πολύν.
1431 1192 1615 1271 (1]Ἀπίθανον
1632 1192 1725 1253 δέτῶν
1745 1194 1855 1271 μένῬω·
1895 1206 1896 1261 Q

274 1300 351 1355 μενον
368 1276 499 1338 πάντατά
514 1278 541 1335 ἐν
557 1276 620 1337 ποσὶ
636 1276 683 1336 καλ
698 1277 772 1350 δίκην
792 1277 920 1354 ἐμπίπτον
938 1278 1049 1359 πυρδςή
1104 1280 1188 1355 μαίων
1207 1280 1252 1339 καί
1272 1284 1324 1340 τῶν
1339 1281 1433 1353 ξένων,
1455 1285 1491 1346 ὡς
1510 1280 1645 1358 ἐλέγοντο,
1666 1283 1729 1362 παρ’
1747 1280 1802 1341 din
1820 1288 1856 1342 τὸν

254 1371 391 1439 -σκηπτοίλ
411 1365 457 1424 καί
477 1367 615 1446 ἐμπιπρῶν
635 1364 722 1423 πάντα
739 1366 785 1424 καλ
804 1366 943 1446 άρανίζον,
957 1366 975 1437 ἢ
990 1390 1048 1448 χει·
1103 1369 1219 1446 πολεμον
1243 1369 1289 1428 καί
1315 1373 1340 1429 ἐν
1367 1372 1433 1450 αὐτῇ
1463 1373 1495 1441 δή
1519 1375 1552 1449 τῇ
1590 1369 1692 1429 ἇλάνσει
1713 1368 1856 1446 ξύμπαντες,

275 1453 375 1537 μάρρου
393 1453 467 1526 δίκην
485 1452 810 1533 άπανταπαρασῦρονκοιὶ
826 1456 987 1536 διαφθεῖρον·
1002 1454 1048 1515 καί
1104 1455 1210 1537 άνδρες,
1228 1457 1313 1536 φημί,
1337 1457 1383 1515 καὶ
1407 1467 1525 1534 γυναῖκες
1545 1458 1592 1517 καὶ
1610 1458 1718 1535 παῖδες,
1732 1459 1801 1536 ἐγγύς
1816 1480 1856 1516 που
1895 1440 1896 1535 Q

272 1541 323 1623 γθρ
338 1534 409 1602 οὗτοι
420 1543 508 1601 πάντα
517 1541 719 1622 διηρευνήσαντο
731 1540 1044 1621 ἀκριύέστερσνῆιλᾶτις,
1101 1546 1319 1625 τετρακισχίλιοι·
1334 1545 1485 1626 ἐλήφθησαν
1499 1546 1527 1604 δέ
1547 1546 1594 1605 καί
1605 1545 1769 1627 αἰχμάλωτοι
1789 1545 1855 1624 ὀλίγῳ
1895 1536 1896 1613 Q

272 1627 355 1709 φασί,
377 1626 425 1700 τήν
449 1627 621 1709 Ἐρετρικήν,
640 1626 731 1703 ναούς,
749 1628 824 1708 ίερδι,
845 1627 926 1699 θήκας
948 1653 977 1688 τε
994 1653 1047 1688 πα·
1101 1634 1204 1700 πλείους
1226 1631 1351 1700 παντοίαις
1376 1632 1493 1714 μυρίων,
1509 1637 1557 1705 τῆς
1578 1634 1606 1692 δέ
1630 1642 1751 1716 στρατιᾶς
1768 1633 1856 1706 ἁπάσης

272 1716 350 1780 λαιλς
362 1716 409 1776 καὶ
419 1716 518 1795 τάφους
533 1715 751 1796 ἀναρρηγνύντες,
769 1716 846 1783 στοάς
864 1739 893 1775 τε
912 1720 1046 1797 ὑπογείους
1101 1720 1169 1803 ἐμφλ
1180 1720 1240 1788 τοίις
1249 1721 1444 1788 πεντακοσίους.
1895 1734 1896 1779 i

272 1807 318 1865 καὶ
332 1804 486 1872 καταδύσεις
499 1804 545 1864 καί
560 1805 728 1887 κρησφύγετα
742 1804 787 1864 κοιλ
801 1804 883 1884 άντρα
902 1803 1044 1885 καλχηρα·
1140 1807 1359 1870 11111111.“οδλ
1381 1808 1502 1888 βασιλεὺς
1527 1808 1595 1885 μετὰ
1609 1815 1694 1869 ταῦτα
1718 1806 1856 1875 taddei<
1895 1842 1897 1887 Q

272 1893 337 1970 μοθς
360 1893 406 1953 καὶ
427 1893 491 1953 ἄλλο
516 1902 569 1953 πᾶν
592 1891 772 1974 κεκρυμμίνον
793 1895 978 1972 άνερευνῶντες
1000 1892 1067 1952 καλ
1100 1894 1147 1966 τήν
1169 1896 1261 1969 πολιν,
1282 1899 1424 1954 κατεθεᾶτο
1443 1894 1474 1955 τά
1489 1918 1518 1954 τε
1542 1895 1653 1974 μίγεδος
1671 1898 1716 1955 καί
1740 1896 1783 1967 τήν
1795 1893 1853 1953 θίαν
1895 1894 1896 1969 ]

271 1981 296 2041 εί
319 1982 370 2041 πού
388 1981 458 2053 τιςή
479 2005 505 2040 τι
522 1972 554 2055 ἦν
568 1980 759 2064 κεκρυμμίνον,
783 1983 809 2048 ἐς
827 1984 880 2062 φῶς
903 1979 1044 2057 ἐξάγοντες.
1101 1985 1192 2059 αὐτῆς,
1202 1983 1251 2057 τήν
1262 2006 1291 2042 τε
1302 1983 1479 2062 λαμπρότητα
1490 1982 1761 2061 καίκαλλονήν,τσ’τε
1772 1986 1853 2052 πλῆθος
1895 1980 1896 2067 Q

273 2070 306 2148 (2]
319 2068 367 2136 Ἐς
379 2071 407 2132 δὲ
415 2068 458 2128 τὀν
469 2068 591 2148 μέγιστον
602 2070 747 2136 ἐσελθόντες
763 2073 809 2140 τῆς
822 2075 867 2129 τοῦ
877 2075 935 2128 θεοῦ
946 2071 1045 2150 Συρίας
1099 2070 1144 2129 καὶ
1155 2070 1263 2148 μίγιθος
1271 2072 1315 2130 καλ
1331 2071 1426 2137 κάλλος
1436 2075 1488 2130 τῶν
1500 2093 1529 2130 τε
1537 2075 1610 2130 ναῶν
1618 2071 1665 2131 καί
1677 2074 1727 2130 τῶν
1738 2070 1851 2146 δημοσίων

271 2155 346 2243 νεὼν,
362 2149 435 2238 εύρον
453 2159 507 2216 ἐκεῖ
525 2158 592 2215 πολύ
614 2181 640 2216 τι
657 2160 755 2229 πλῆθος
774 2158 874 2238 ἀνδρῶν
889 2182 917 2216 τε
933 2157 977 2218 καί
995 2183 1044 2237 γυ-
1098 2158 1329 2235 οίκοδομημάτων,
1344 2157 1395 2217 τῶν
1411 2180 1441 2216 τε
1460 2160 1600 2219 ἰδιωτικῶν
1617 2162 1704 2219 οίκιῶν
1718 2160 1760 2218 κοιλ
1776 2160 1851 2217 κοινῶν
1895 2184 1896 2245 Q

269 2250 366 2309 ταινιῶν
374 2245 419 2304 καλ
426 2243 527 2304 παίδων
535 2244 731 2324 καταφυγόντας
740 2267 770 2302 τε
778 2245 822 2304 καλ
831 2247 1047 2316 θεοκλητοῦντας·
1098 2242 1205 2302 καὶτῶν
1220 2250 1246 2305 ἐν
1259 2245 1368 2321 δυνάμει
1381 2246 1462 2305 ὄντων
1473 2243 1522 2317 τήν
1536 2246 1719 2319 πολυτίλιιαν,
1732 2246 1767 2306 ίτι
1779 2243 1803 2303 δέ
1813 2243 1852 2314 τήν
1895 2248 1896 2267 ’

269 2336 313 2403 οθς
326 2335 371 2395 καὶ
392 2335 466 2408 δίκην
486 2335 603 2413 σαγήνης
629 2332 824 2413 ξυγκλείσοιντες
845 2333 1044 2415 παρεστήσαντο
1097 2353 1126 2389 τε
1134 2336 1179 2389 τοῦ
1186 2331 1288 2408 λιμίνυς
1297 2329 1366 2391 θέσιν
1376 2331 1421 2391 καὶ
1429 2335 1481 2391 τῶν
1492 2334 1608 2413 νεωρίων
1622 2334 1667 2393 κοιλ
1678 2334 1772 2414 τὸπρδς
1780 2331 1851 2390 πάντα

271 2425 372 2491 πάντας
388 2421 530 2503 θμολογίφ,
546 2422 592 2481 καὶ
613 2422 751 2500 ἀπήγαγον
766 2420 967 2501 αἰχμαλώτους,
984 2422 1043 2491 τοὺς
1099 2420 1251 2492 ἐπιτηδείως
1271 2421 1341 2500 ἔχειν
1365 2421 1413 2493 τήν
1428 2422 1505 2482 πάλιν
1529 2424 1580 2482 κοιλ
1591 2427 1700 2506 εύφνῶε,
1724 2422 1766 2482 καί
1777 2422 1851 2486 dat&

271 2512 319 2590 μίν
333 2514 358 2578 ἐς
372 2512 418 2578 τθις
432 2509 561 2591 τριήρεις,
575 2508 636 2578 τοὺς
649 2510 677 2568 δέ
690 2509 757 2578 ἐςτίν
772 2510 956 2589 στρατόπεδον.
1097 2517 1186 2567 πᾶσαν
1221 2511 1302 2580 αὐτῆς
1330 2507 1378 2582 τήν
1414 2511 1585 2584 κατασκευήν
1618 2514 1663 2573 καί
1690 2511 1732 2571 τὀν
1760 2510 1850 2584 κόσμον.
1895 2522 1896 2597 Q

308 2596 584 2679 [111111Έιιοι1τρ
606 2597 633 2657 δέ
654 2598 699 2657 καὶ
718 2600 742 2657 οἱ
756 2601 782 2658 ἐν
801 2602 839 2679 τῷ
861 2600 984 2680 Γαλατᾷ,
1008 2602 1043 2663 ὡς
1098 2595 1129 2675 (2]
1148 2595 1240 2677 Ἑάροι
1253 2597 1281 2655 δέ
1295 2597 1379 2657 καὶτὸ
1390 2599 1487 2670 πλῆθος
1498 2602 1550 2659 τῶν
1567 2601 1751 2679 ἀπολλυμένων
1759 2596 1800 2656 καί
1811 2594 1849 2665 τήν

268 2678 336 2749 εἶδον
354 2689 402 2760 τήν
423 2688 497 2747 πάλιν
526 2684 654 2767 ἐχομίνην
673 2686 725 2759 ἤδη
744 2686 790 2746 κοιλ
811 2686 1039 2768 διαρπαζομίνην,
1098 2682 1231 2763 ἐρήμωσιν
1243 2687 1295 2744 τῶν
1306 2678 1394 2744 aitardi
1409 2685 1456 2745 καὶ
1470 2685 1517 2759 τήν
1533 2691 1654 2760 παντελῆ
1674 2685 1764 2767 φθορὰν
1782 2683 1848 2750 σιίιῆς

268 2778 342 2843 εὐθὺς
365 2774 574 2857 προσεχώρησαν
595 2774 721 2853 ὁμολογία
743 2776 781 2854 τῷ
811 2776 914 2853 βασιλεῖ
938 2773 982 2831 ἐπὶ
1004 2777 1042 2852 τῷ
1096 2769 1207 2830 καὶτὸν
1228 2770 1347 2852 ὄλεθρον·
1370 2772 1416 2833 καλ
1437 2763 1521 2841 οἶκτος
1542 2776 1624 2835 αὐτὸν
1641 2775 1710 2842 εὐθὺς
1732 2772 1798 2852 ἐσήει
1812 2769 1849 2828 καί

269 2867 351 2942 μηδέν
365 2889 391 2924 τι
401 2866 481 2923 κακδν
494 2867 597 2941 παθεῖν,
608 2861 655 2922 καί
665 2860 812 2930 ἀνοίξαντες
825 2863 872 2927 τθς
882 2859 967 2927 πύλας
984 2862 1042 2919 ἐσε-
1097 2858 1244 2937 μετάμελος
1258 2862 1287 2920 οὔ
1303 2861 1393 2940 μικρὸς
1408 2865 1454 2934 τῆς
1466 2863 1602 2930 ἀπωλείας
1614 2887 1643 2923 τε
1657 2863 1700 2924 καί
1712 2863 1847 2941 3ιαρπαγῗι1,

269 2949 378 3033 δίχοντο
390 2951 434 3011 τὸν
454 2950 576 3030 Ζάγανον
592 2950 659 3028 μετὰ
677 2953 723 3021 τ’ής
743 2958 882 3028 στρατιάς,
896 2946 942 3009 καὶ
967 2948 1041 3009 αὐτοὶ
1097 2947 1142 3006 καλ
1157 2948 1267 3029 δάκρυον
1283 2950 1369 3031 ἀφῆκε
1378 2952 1431 3009 τῶν
1443 2951 1601 3031 ὀφθαλμῶν,
1615 2951 1659 3011 καὶ
1671 2950 1736 3029 μίγα
1743 2943 1849 3011 στενάίιις

268 3041 341 3103 οὖδέν
356 3039 571 3112 δλωςήδίκηντο.
614 3040 648 3116 (ε)
663 3036 737 3099 Ἡδὲ
751 3036 861 3116 στρατιὰ
879 3045 970 3108 πᾶσα,
984 3033 1040 3106 ἥτε
1097 3060 1125 3095 τε
1141 3032 1186 3096 καλΙ
1201 3038 1355 3119 περιπαθίς,
1378 3035 1480 3112 τοίαν,
1500 3037 1566 3119 ἔφη,
1588 3039 1663 3100 πολιν
1682 3041 1707 3104 ἐς
1721 3031 1846 3115 διαρπαγὴν

269 3131 338 3190 κατθι
361 3134 410 3208 γῆν
429 3129 447 3200 ή
469 3151 499 3186 τε
520 3125 590 3185 κατδι
611 3128 760 3196 θάλασσαν,
786 3127 926 3203 ἐσχυθιῐσα
947 3124 973 3189 ἐς
993 3123 1040 3194 τήν
1094 3123 1514 3205 καλέρήμωσινέκδεδιίικαμεν·ν
1527 3127 1613 3196 οὕτως
1626 3115 1846 3201 ίπαθετήνήνχίλι

268 3218 345 3278 πάλιν
361 3217 413 3276 ἀπὸ
428 3215 527 3298 πρωίας
544 3213 649 3294 βαθείας
662 3213 707 3272 καί
722 3216 800 3271 αὐτοῦ
822 3217 867 3270 τοῦ
888 3210 1040 3290 περιύρθρου
1095 3214 1129 3292 (ε)
1146 3214 1199 3274 Καὶ
1213 3214 1264 3295 γὰρ
1278 3214 1358 3281 ὄντως
1369 3213 1450 3283 πάθος
1462 3215 1530 3293 μίγα
1542 3222 1624 3276 τοῦτο
1636 3216 1731 3297 γέγοναν
1741 3208 1848 3290 ἐφ’ήμῶν
1895 3210 1896 3261 ί

269 3305 349 3385 με’χρι
364 3304 450 3375 δείλης
471 3302 548 3382 ὀψίας
558 3300 674 3373 ἐληίζετο
689 3299 734 3358 καὶ
753 3299 912 3378 διηρπάζετο
923 3297 1041 3377 ταύτην,
1095 3303 1122 3361 ἐν
1143 3310 1192 3383 μιᾷ
1208 3302 1240 3375 δὴ
1262 3301 1346 3384 ταύτῃ
1370 3303 1444 3363 πολιν
1465 3293 1517 3362 οἷον
1539 3305 1568 3363 ἐν
1589 3306 1696 3384 οὐδεμιᾷ
1709 3304 1755 3360 τῶν
1772 3294 1844 3352 πάλαι

269 3395 415 3473 ἐκφοροῦσα
432 3398 522 3448 πᾶσαν
542 3386 589 3458 τήν
601 3387 674 3447 λείαν
689 3390 714 3455 ἐς
731 3387 761 3445 τὸ
782 3386 973 3465 στρατόπεδον,
994 3385 1041 3460 τήν
1082 3391 1329 3467 ,μνημονευομένων
1353 3413 1379 3449 τε
1398 3391 1443 3450 καί
1461 3392 1654 3470 ἱστορουμένων
1673 3386 1781 3466 μεγάλων
1802 3376 1842 3436 πί·
1895 3396 1897 3477 Q

268 3478 297 3539 δέ
310 3480 357 3538 καλ
374 3480 400 3545 ἐς
422 3481 469 3546 τὰς
486 3482 563 3544 ναῦς·
580 3474 649 3536 ἐστιν
665 3476 682 3534 d
696 3473 724 3536 δέ
744 3475 841 3546 ταύτης
862 3473 908 3533 καλ
923 3474 1040 3553 διαρπά·
1094 3480 1162 3537 λεων
1178 3478 1281 3557 μεγάθει
1294 3501 1323 3538 τι
1336 3483 1383 3551 τ’ής
1402 3478 1516 3552 ἁλούσης
1530 3480 1632 3547 πόλεως
1643 3477 1687 3538 καλ
1704 3457 1794 3543 ὀξύτηέι
1804 3464 1842 3526 καὶ

269 3573 353 3638 ζοντες
372 3568 434 3626 ἐνισι
449 3563 539 3644 ὥσπερ
558 3566 641 3644 φῶρες
662 3563 707 3622 καλ
720 3562 851 3642 λαθραίως
866 3560 973 3630 ἐξιόντες
989 3566 1041 3622 τῶν
1096 3565 1229 3647 άποτομίφ
1242 3571 1288 3626 τοῦ
1301 3565 1391 3646 ἐργου·
1404 3569 1454 3646 οὐχ
1467 3564 1564 3637 ήκιστα
1580 3565 1608 3626 δέ
1625 3565 1720 3629 πάντας
1736 3552 1841 3628 earinis
1895 3616 1896 3629 ,

267 3659 358 3716 πυλῶν
377 3654 498 3734 ἀπῄεσαν
521 3655 546 3720 ἐς
565 3650 599 3711 τὰ
623 3650 701 3712 οίκοι.
745 3651 778 3727 QaQ
801 3649 881 3710 Οὕτω
904 3650 931 3709 δέ
951 3659 1039 3710 πᾶσαν
1093 3650 1152 3719 τούς
1165 3675 1193 3711 τε
1208 3653 1301 3719 ἄλλους
1316 3653 1361 3712 καλ
1374 3653 1511 3725 αὐτοὺςδή
1526 3647 1785 3734 τοθςδράσαντοςκαλ
1799 3665 1844 3700 πο·

274 3753 1844 3792 W
1895 3766 1896 3787 Q

266 3824 362 3878 dixerat
373 3823 496 3888 regionem
512 3828 553 3881 τῆς
563 3820 649 3883 ὡραίοις
661 3820 736 3876 πύλης
749 3817 868 3869 custodia
882 3818 1037 3869 commissam
1049 3832 1104 3870 esse
1115 3822 1247 3871 nautarum
1260 3821 1413 3872 cretensium
1426 3820 1482 3884 [qui
1493 3821 1528 3871 ibi
1539 3836 1618 3885 usqne
1631 3820 1663 3870 ad
1672 3818 1787 3882 septimam
1798 3804 1843 3891 diei
1895 3812 1896 3879 ζ

267 3896 353 3946 haram
365 3896 504 3958 pugnarunt
519 3892 543 3940 in
555 3889 665 3940 turribus
676 3888 759 3939 Basilii
771 3891 797 3939 et
810 3887 898 3939 laonia
915 3892 941 3941 et
954 3888 1038 3949 diarii,
1053 3888 1087 3939 id.
1107 3903 1131 3952 p.
1152 3893 1205 3949 287,
1223 3890 1374 3955 2⁰]‚pergit
1386 3911 1393 3941 ι
1406 3894 1447 3954 Τῷ
1459 3892 1600 3958 &tradendi
1616 3889 1738 3955 Τριλιζίνφ
1758 3886 1788 3945 τῷ
1802 3892 1842 3926 τω*
1895 3884 1896 3955 Q

266 3968 367 4016 Ἐνετῶν
385 3968 496 4030 τριαρίων
513 3962 647 4023 καπττανίιρ
661 3962 720 4024 μετὰ
733 3963 774 4011 καὶ
790 3963 873 4024 ἐτέρων
885 3964 975 4025 ἀνδρῶν
986 3960 1131 4018 πεντήκοντα
1144 3961 1212 4019 ἐδόθη
1226 3963 1346 4018 φυλάττειν
1355 3962 1397 4012 τδν
1408 3961 1494 4024 πύργον
1504 3963 1545 4011 τδν
1559 3963 1585 4013 ἐν
1596 3964 1661 4026 μέσῳ
1679 3965 1717 4009 τοῦ
1732 3954 1840 4019 didimi
1895 3976 1896 3985 ι

266 4040 307 4087 τδν
318 4037 516 4100 φυλάσσοντατὴν
528 4036 620 4085 eineder
633 4039 675 4083 τοῦ
689 4034 794 4096 λιμένος,
808 4035 886 4095 καὶῆν
899 4032 1006 4095 ἀντικρὺς
1019 4036 1058 4090 τῆς
1069 4031 1144 4089 πύλης
1158 4038 1198 4091 τῆς
1211 4033 1345 4092 Βασιλικῆς.
1363 4032 1404 4082 Gi.
1418 4034 1500 4082 Duras
1522 4046 1550 4096 p.
1564 4035 1619 4094 275,
1635 4036 1658 4081 11
1678 4050 1684 4079 :
1698 4030 1735 4078 01*
1745 4025 1767 4073 a
1782 4022 1841 4101 ‘aaa

268 4108 330 4156 τικοὶ
347 4108 411 4168 λιτῇ
429 4109 542 4168 λλοισιλικῇ
554 4105 615 4167 πύλη
628 4105 695 4167 μέχρι
708 4107 750 4153 τοῦ
764 4105 873 4162 Κυνηγοῦ
882 4105 927 4154 σὺν
940 4102 1068 4165 Ῥωμαίοις
1080 4104 1140 4164 ὁμοῦ
1151 4108 1202 4158 τοῖς
1213 4102 1326 4166 Τούρνισις
1339 4103 1465 4166 ἐμάχοντο.
1478 4102 1621 4153 Leonardua
1633 4116 1657 4165 ρ.
1668 4104 1711 4150 aaa
1723 4088 1841 4145 nannetem
1895 4138 1896 4149 .

268 4175 429 4225 Τιενλεοιιυια
442 4187 501 4224 eum
514 4173 616 4225 Venetis
632 4173 683 4223 ιιιλε
698 4172 724 4222 λιι
741 4171 839 4234 regione
856 4187 913 4236 quaa
926 4176 965 4224 ast
979 4186 997 4222 a
1015 4173 1085 4222 turri
1102 4169 1186 4221 Phari
1202 4183 1285 4235 νερειε
1305 4171 1343 4222 ad
1356 4171 1529 4237 imperialem
1549 4172 1688 4222 darertasae
1702 4164 1765 4215 dicit.
1781 4187 1808 4201 -
1820 4156 1843 4203 ln
1895 4188 1896 4197 ι

267 4245 374 4295 Puaaulo
384 4247 409 4305 1,
421 4249 466 4295 190
478 4248 613 4310 portarurn,
623 4257 680 4307 qum
692 4242 725 4292 ad
734 4242 817 4292 cornu
829 4242 910 4293 airum
922 4244 1004 4302 erant,
1017 4241 1092 4291 serias
1104 4240 1157 4290 haar
1168 4244 1207 4290 est
1219 4262 1225 4291 ι
1237 4244 1264 4292 Ρ.
1279 4241 1391 4305 cynegii,
1406 4242 1492 4303 Phari,
1502 4240 1658 4301 Theodosia,
1673 4234 1745 4292 Petri,
1759 4229 1840 4304 Platea..
1895 4264 1896 4291 ;

265 4315 369 4367 Βεελλοσ.
382 4318 533 4366 λλειιιοιεῐιιι
543 4317 614 4377 porta
626 4313 728 4364 Basilica
744 4312 819 4364 etiarn
830 4327 869 4378 ap.
885 4317 979 4364 Ducam
997 4326 1021 4378 p.
1039 4316 1094 4374 295,
1112 4319 1122 4361 1
1138 4314 1165 4363 et
1176 4325 1199 4377 ρ.
1212 4315 1266 4368 3911,
1278 4318 1302 4372 5,
1313 4312 1355 4362 ubi
1370 4316 1450 4365 Lucae
1466 4315 1571 4363 Neiaraa
1586 4324 1659 4376 prope
1672 4319 1725 4358 eam
1736 4300 1803 4381 suits}
1814 4294 1842 4344 91·

265 4387 338 4448 dtur,
346 4399 395 4449 qua
409 4388 519 4450 ternpore
529 4384 603 4434 Turai
614 4398 659 4448 per
671 4384 759 4434 charri
773 4387 869 4447 pariam
880 4385 905 4434 in
920 4384 1008 4434 urbem
1020 4384 1170 4445 irruperunt.
1183 4386 1220 4432 Ex
1229 4383 1310 4433 allatis
1328 4387 1396 4447 patet
1407 4397 1489 4435 errare
1506 4385 1664 4433 flammarum
1677 4377 1718 4441 qui
1730 4369 1840 4425 1116111189
1895 4390 1896 4393 ’

265 4461 362 4523 nonam
373 4456 497 4521 wmponit
507 4469 565 4506 ειιιιι
576 4454 637 4509 had.
650 4456 857 4518 Batai-Kaparri
869 4469 926 4520 qum
938 4458 978 4507 est
992 4454 1055 4505 inter
1065 4453 1164 4517 cynegii
1178 4457 1274 4518 partam
1286 4452 1538 4518 (timae-Kapusrt)
1551 4459 1577 4505 at
1590 4452 1646 4503 Fari
1657 4451 1748 4514 pettam
1759 4440 1842 4501 (ΓΜ
1895 4504 1896 4513 ,

267 4531 383 4594 Καρυαί
393 4526 413 4590 ].
441 4527 514 4578 Haud
529 4527 609 4591 magia
626 4526 745 4590 probandi
757 4527 945 4577 nordmannia
955 4529 981 4577 et
994 4524 1102 4590 Staipiua
1116 4524 1155 4585 (in
1168 4524 1252 4574 tabula
1267 4526 1498 4590 Constantinopolin)
1511 4525 1555 4590 qui
1567 4523 1692 4575 Basilicam
1705 4517 1792 4581 portam
1801 4518 1840 4557 ⁰⁰¹¹
1895 4518 1896 4565 Ὗ

265 4599 295 4650 ad
307 4600 390 4649 cornu
405 4597 486 4647 sinum
501 4597 636 4659 collarant,
648 4596 693 4646 aad
703 4596 728 4645 in
741 4595 861 4646 hodierna
872 4595 1087 4659 Ασλρν-Κοριιεελ
1102 4596 1231 4654 quarunt,
1246 4607 1303 4656 qum
1316 4597 1340 4646 in
1354 4596 1505 4649 meridionali
1520 4594 1622 4658 saraglii
1633 4591 1699 4656 apiae
1711 4585 1838 4636 sita'verrua

265 4667 440 4734 Propontidem
455 4669 559 4731 spectat.
575 4667 586 4729 Ι]
599 4693 630 4703 -
641 4664 801 4731 τραπόμενος]
811 4665 847 4715 sia
858 4679 926 4716 man.
943 4673 970 4727 2,
981 4664 1121 4727 τρεπόμενος
1132 4676 1166 4713 m.
1185 4668 1206 4714 1.
1221 4664 1231 4727 Ι]
1248 4690 1279 4701 -
1290 4667 1413 4730 ληιςορένη
1428 4669 1471 4727 τήν
1482 4668 1554 4726 ἀλλην
1566 4663 1649 4727 πόλιν]
1662 4663 1721 4711 Eme
1733 4649 1839 4703 addantur
1895 4724 1896 4727 Ἴ

266 4741 291 4790 ia
373 4740 421 4789 ine.

296 4752 380 4861 gir}
394 4810 408 4873 §
423 4815 444 4860 1.
454 4811 469 4869 ἢ
481 4813 551 4865 Δᾶτις
561 4809 603 4867 τήν
614 4806 761 4872 Ἐρετρικὴν]
772 4811 803 4857 V.
817 4807 936 4857 Herodot.
946 4812 970 4865 a,
985 4810 1036 4856 191.
1049 4804 1060 4870 QQ
1070 4807 1123 4871 -§
1132 4815 1155 4858 2.
1169 4809 1252 4871 Σοφίας
1261 4806 1330 4872 νεὼν]
1339 4811 1369 4857 V.
1377 4810 1459 4859 Duras
1468 4821 1491 4871 p.
1504 4810 1575 4867 2993
1586 4810 1609 4856 1.
1622 4806 1675 4861 291,
1688 4803 1715 4857 ⁶3
1725 4788 1838 4844 [99911ίέες

266 4894 291 4944 Ι).
304 4885 359 4941 2119,
370 4887 416 4941 29ς
429 4879 640 4942 Ολεαλσοσοῐιιλγίασ
657 4893 681 4943 p.
697 4882 751 4940 397,
771 4884 795 4930 9.
808 4879 819 4943 Ι
832 4905 864 4915 -
876 4880 917 4929 καὶ
933 4876 1039 4941 παίδων]
1055 4878 1124 4928 addit
1139 4893 1233 4943 margo.

297 4950 424 5014 vali.§
441 4951 542 5001 1.011ν
557 4954 592 5012 τῷ
610 4950 704 5013 Γαλατᾷ
715 4946 938 5012 etc.]Dehisride
954 4947 1025 5010 ptura
1042 4960 1081 5011 ap.
1101 4951 1196 4999 Duram
1207 4962 1231 5013 p.
1252 4952 1306 5009 217,
1323 4953 1345 5009 1.
1363 4953 1417 5009 312,
1441 4954 1470 4998 22
1487 4937 1740 5001 archaicemndilam
1756 4927 1833 5005 1140]
1895 4974 1896 4983 τ

267 5024 305 5068 22.
323 5022 467 5080 Paetorum,
485 5033 543 5081 quea
560 5019 726 5070 Meehemetaa
741 5033 797 5069 cam
814 5016 934 5068 Galatinia
948 5016 1032 5077 inivit,
1046 5018 1214 5082 apographum
1226 5032 1332 5081 granum
1347 5017 1423 5068 habes
1432 5017 1498 5081 apud
1512 5019 1672 5066 flammarum
1684 5008 1702 5056 l.
1713 5005 1729 5053 l.
1745 5005 1793 5060 λλ·
1801 4992 1838 5041 ⁶¹⁵

266 5102 304 5153 aq.
316 5087 385 5140 ldam
394 5090 568 5140 documentum
577 5089 660 5139 italica
675 5090 756 5153 lingua
773 5089 892 5153 seriptum
906 5089 970 5138 etin
986 5088 1133 5139 nonnullisa
1150 5090 1237 5153 granis
1250 5089 1368 5139 recedens
1384 5087 1454 5139 dedii
1467 5086 1594 5138 Zinireisen
1605 5083 1622 5132 1.
1637 5081 1654 5130 1.
1669 5086 1692 5137 2,
1706 5088 1728 5140 p.
1745 5075 1779 5121 λθ·
1796 5063 1838 5178 QQ‘Q

266 5157 308 5222 §8
332 5159 473 5278 λρλμπονιρς]
484 5162 527 5223 ξύμ
543 5159 637 5281 a³yleaba
651 5158 750 5210 additur
769 5159 795 5209 in
808 5160 924 5222 margine.
940 5160 951 5222 Q
974 5186 1005 5195 —
1022 5158 1222 5224 πεντακισχίλιοι]
1236 5160 1314 5210 literae
1329 5176 1418 5209 πεντανι
1429 5159 1454 5207 in
1470 5169 1557 5207 rasura
1571 5152 1667 5215 scripta
1685 5144 1751 5198 eunti
1767 5138 1800 5191 ⁶⁰·

266 5240 320 5278 εοσ.
358 5240 432 5277 eonar
450 5243 492 5278 um
527 5265 533 5277 .
600 5268 606 5280 .

296 5297 406 5349 vam.
425 5297 476 5362 §r.
495 5243 611 5348 Είσελθιλν
630 5301 653 5355 ἐς
670 5301 712 5358 riv
726 5298 807 5363 πόλιν]
819 5299 869 5349 diei
880 5298 941 5350 hora
953 5302 1053 5363 actara,
1074 5313 1123 5351 aec.
1139 5301 1234 5349 Ducam
1250 5313 1275 5364 p.
1298 5304 1351 5359 298,
1369 5305 1404 5350 16.
1426 5298 1463 5348 ct.
1480 5297 1611 5347 Phranizes
1629 5303 1653 5354 p.
1672 5289 1722 5344 290,
1742 5268 1796 5334 ίέἐ
1811 5287 1836 5302 “’
