3842 6036
275 456 313 515 90
707 443 907 507 CRITOBULI
927 442 1192 505 HISTORIARUM
1212 443 1286 503 LIB.
1308 443 1333 518 1,
1355 443 1462 504 48·51.

274 583 361 643 πάλαι
372 582 423 661 γάρ
437 583 491 660 θρῶ
504 577 563 644 τοὺς
578 575 624 656 μίν
637 577 710 655 ίιμῶν
725 573 840 655 τοσαύτῃ
856 574 989 657 προθυμίη
1002 573 1049 634 καί
1105 576 1202 645 ίπῆλθε
1215 571 1262 645 τλν
1275 570 1499 650 οίκουμένην·καί
1511 572 1590 644 δῆλον
1604 569 1643 629 ότι
1657 570 1750 640 έςόσον
1764 572 1859 651 ἔδραμεν

188 664 192 669 x
275 672 376 749 σπουδῇ
389 668 449 749 περί
462 666 493 725 εδ
507 666 582 748 ίργον
597 662 835 744 κεχρημένους,ὡς
852 666 1003 723 πάνθτιοῦν
1017 662 1049 721 διν
1105 659 1234 732 ἡταύτης
1247 660 1376 740 ἡγεμονία
1387 660 1433 720 καί
1447 659 1563 735 δόξα,ίς
1575 664 1695 719 τοσοῦτον
1708 659 1752 719 καί
1761 660 1788 719 τδ
1798 663 1858 735 ὑμῶν

275 760 375 836 μᾶλλον
389 756 527 834 ἑλομένοις
541 759 634 811 παθεῖν
650 750 669 824 ἢ
684 751 834 832 ,ἀπράκτους
847 754 899 809 τῶν
913 741 965 810 ῶδε
987 752 1051 809 άνα·
1105 748 1178 816 κλέος
1189 748 1308 828 άρίξεται
1317 753 1365 821 τῆς
1378 750 1485 830 ἀνδρίας
1497 747 1543 807 καί
1555 750 1663 827 άρετῆς,
1673 748 1746 807 πόλιν
1755 749 1859 821 τοιαύτην

274 843 487 927 χωρῆσαι,τοῦς
507 841 537 900 δέ
559 843 589 901 οῦ
612 838 691 918 μόνον
714 837 825 911 αιἰταλς,
838 837 907 901 ἄλλά
926 840 971 897 καί
991 837 1051 905 τοῦς
1106 837 1217 897 ίλόντων
1235 841 1265 898 ἐκ
1278 837 1439 917 προσύολῆς.
1455 839 1488 915 (υ)
1501 836 1556 898 Καί
1568 845 1688 897 σκοπεῖτε
1701 837 1739 905 τίς
1752 837 1859 917 εῦπρεξία

273 935 367 999 ἅλλους
386 930 591 1009 παροξύνοντος,
612 927 688 1004 πάσῃ
707 927 816 1003 δυνάμει
838 926 904 1006 πρδς
925 926 957 986 τδ
975 926 1050 1005 ἔργον
1106 927 1279 1007 λαμπροτέρα
1293 925 1311 998 ἢ
1325 925 1364 994 τίς
1385 926 1466 1000 ἡδονὴ
1490 925 1586 1004 μείζων
1604 923 1621 997 ἢ
1639 924 1677 993 τίς
1696 924 1801 986 πλούτου
1821 951 1860 986 πε-

274 1019 385 1101 χωρεῖν·
394 1019 429 1097 (τρ
437 1021 466 1076 οὖ
477 1016 563 1077 τοίνυν
576 1013 621 1075 διίι
634 1019 712 1074 τοῦτο
725 1017 794 1091 θμῦς
807 1013 976 1087 ξυναάλεσα,
991 1015 1051 1073 ἀλλ’
1107 1016 1209 1097 ριαισία
1222 1014 1368 1087 καλλίωνῆ
1382 1014 1401 1087 ἢ
1417 1014 1484 1091 μετδι
1497 1017 1576 1092 τιμῆς
1589 1014 1635 1074 καὶ
1652 1013 1725 1085 δόξης
1738 1014 1861 1095 προσέσται

274 1108 343 1167 ίίστι
355 1107 433 1184 μόνω
445 1106 718 1182 άναμνῆσαηπρῶτον
730 1101 921 1179 μὲνόιεκαίτδ
934 1101 1052 1182 παρόντα
1107 1108 1187 1177 ἡμῖνς
1201 1102 1241 1162 Tb
1265 1101 1294 1161 δέ
1316 1099 1349 1173 δὴ
1370 1105 1457 1178 μεῖζον
1478 1100 1602 1176 πάντων,
1625 1100 1665 1160 ότι
1686 1101 1760 1161 πόλιν
1780 1104 1861 1181 ίχθρῦς

276 1195 379 1271 ἀγαθά,
403 1195 421 1255 δ
442 1192 532 1276 ίχετε,
555 1194 584 1252 ού
608 1196 782 1274 ῥᾳθυμοῦντες
806 1190 853 1250 καί
876 1192 1049 1267 ἀμελοῦντες,
1107 1191 1220 1271 ίχουσαν
1248 1194 1314 1268 ημῖν
1338 1189 1367 1258 ἐξ
1387 1192 1471 1270 ἀρχῆς
1496 1189 1543 1249 καί
1566 1188 1608 1247 dd
1630 1190 1797 1271 ἐστρωμένην
1820 1189 1861 1254 τοῖς

275 1282 347 1343 έλλδ
361 1284 405 1343 καί
418 1283 518 1364 σφόδρα
528 1285 666 1346 πονοῦντες
676 1280 721 1338 καί
732 1278 799 1359 μετὰι
811 1280 933 1358 μεγάλων
944 1279 1051 1360 άγόινων
1106 1279 1242 1358 ἡμετέροις
1261 1280 1352 1349 κακοῖς
1375 1280 1422 1339 καί
1435 1280 1525 1339 πάντα
1546 1278 1643 1359 τρόπον
1663 1277 1859 1339 ίπιόουλεύουσεν

274 1397 304 1435 τι
318 1373 364 1434 καί
383 1371 508 1432 κινδύνοιν
524 1370 581 1446 μεθ’
591 1372 668 1446 ήμῶν
689 1367 835 1438 ίκτήσασθε
855 1369 901 1426 καί
919 1357 987 1426 δθλα
1004 1371 1052 1440 τῆς
1106 1370 1155 1441 τὴν
1176 1367 1309 1450 ἡμετέραν
1332 1367 1418 1447 άρχὴν
1436 1365 1648 1445 καθαιρήσομεν,
1661 1365 1707 1424 καλ
1722 1370 1765 1425 τοῦ
1785 1367 1860 1424 λοιποῦ

275 1464 347 1539 ὑμῶν
364 1463 448 1519 αὐτῶν
463 1462 557 1540 ἀρετῆς
571 1456 616 1516 καί
631 1454 735 1533 αἰνδρίας
747 1454 820 1536 ἔχετε
833 1454 1052 1534 μᾶλλονήτύχης
1108 1457 1183 1519 αὐτοί
1206 1483 1235 1518 τε
1260 1457 1356 1539 βίόαια
1378 1455 1470 1535 ἕξομεν
1487 1454 1522 1514 τά
1538 1454 1658 1535 παρόντα
1678 1455 1771 1533 άγαθδ,
1790 1453 1829 1513 καί
1841 1459 1861 1511 ἐν

275 1550 361 1628 δῶρα·
378 1547 472 1606 ἔπειτα
493 1545 533 1616 δέ,
548 1547 584 1611 ὡς
605 1543 651 1603 καί
674 1542 707 1601 τά
725 1547 770 1601 νῦν
795 1541 830 1600 τά
845 1564 874 1599 τε
892 1540 1052 1619 προκείμενα
1107 1546 1197 1626 εἰρήνη
1218 1544 1312 1625 βαθείᾳ
1327 1544 1373 1604 καὶ
1387 1543 1518 1625 ἀσφαλείᾳ
1537 1543 1677 1621 διέξιμεν,
1691 1540 1863 1620 διαλλαγέντες

274 1629 341 1700 ἆθλα
364 1635 467 1705 διδάξαι
487 1638 556 1711 ὑμᾶς
571 1632 619 1692 θσα
640 1632 685 1692 καί
708 1623 752 1692 οίά
766 1633 838 1702 έστι,
851 1628 897 1689 καί
913 1627 962 1701 τὴν
977 1628 1052 1698 δόξαν
1107 1636 1203 1713 ίχθροῦ
1216 1632 1420 1712 γειτοννίματος,
1434 1633 1481 1691 καί
1498 1630 1565 1711 πρδς
1578 1631 1614 1689 τδι
1630 1629 1711 1691 λοιπά
1722 1629 1796 1712 θύραν
1806 1629 1865 1689 ίνοί·

275 1725 374 1800 ὁπόσην
388 1725 445 1806 ἔχει
461 1722 529 1800 μετδι
543 1727 588 1781 τοῦ
602 1720 708 1801 κέρδους
720 1721 766 1779 καί
778 1718 930 1795 τιμὴν,καί
940 1716 996 1794 άμα
1008 1716 1051 1777 ίνα
1108 1720 1196 1800 ξομεν.
1240 1720 1271 1801 (τ)
1303 1721 1359 1781 Καί
1382 1719 1462 1796 μήτοι
1485 1718 1613 1798 νομίσητε
1635 1723 1718 1779 ταῦτα
1741 1716 1864 1796 μέναῦτιις

274 1817 359 1893 γνῶτε
381 1815 468 1879 καλῶς
491 1810 535 1870 έπί
557 1811 690 1887 μεγίστοις
708 1807 865 1885 ποιούμενον
886 1805 930 1865 τδν
949 1809 1048 1884 ἀγῶνα.
1107 1809 1195 1889 ίχειν,
1209 1809 1353 1889 ἀπόμαχον
1371 1808 1399 1867 δέ
1414 1798 1483 1868 εἶναι
1505 1808 1553 1878 τὴν
1570 1807 1648 1867 πόλιν
1672 1808 1717 1866 καί
1736 1806 1765 1865 τδ
1784 1803 1864 1872 ταύτης

275 1908 311 1986 (ι)
327 1908 438 1983 Πρῶτον
453 1901 500 1979 μίν
521 1897 573 1979 γὰρ
592 1897 701 1965 πλοῦτός
714 1895 743 1955 τί
760 1898 816 1955 ίοῐι
829 1894 910 1960 πολὺς
923 1893 974 1981 Ικοί
987 1917 1051 1953 παν·
1107 1906 1195 1977 τεῖχος
1212 1895 1389 1979 δυσπρόσοδόν
1408 1920 1437 1956 τε
1458 1895 1505 1956 καί
1518 1894 1651 1955 δύσῦατον
1665 1897 1709 1956 καί
1722 1895 1827 1954 κίνδυνον
1840 1892 1862 1950 ού

273 1992 388 2058 τοδαπδς
399 1991 535 2070 ίντῇδιτῇ
546 1985 639 2057 πόλει,
650 1989 664 2044 θ
675 1983 722 2062 μίν
734 1986 761 2043 έν
774 1984 825 2050 τοῖς
837 1981 991 2062 βοοιλοίοιι,
1001 1983 1015 2039 θ
1024 1980 1051 2040 δέ
1108 1989 1200 2065 μικρδν
1215 1986 1275 2067 έχον
1298 1994 1352 2055 τοῖς
1370 1987 1501 2058 ἐπιοῦσιν,
1515 1988 1551 2053 ὣς
1569 1987 1600 2045 οῦ
1615 1984 1709 2067 ῥηιδίως
1722 1983 1748 2043 δν
1762 1982 1861 2042 ἁλωτόν·

275 2086 302 2142 έν
317 2088 371 2145 τοῖς
385 2076 464 2145 οίκοις
478 2080 529 2135 τῶν
546 2076 675 2145 δυνατῶν,
688 2076 703 2132 θ
717 2072 745 2131 δί
759 2073 786 2131 ἐν
800 2079 854 2139 τοῖς
868 2072 921 2129 τῶν
934 2072 1052 2143 ἰδιωτῶν,
1108 2076 1167 2135 ἀλλ’
1179 2074 1233 2137 ἰδοὺ
1248 2073 1310 2155 γὰρ,
1327 2077 1363 2143 ὡς
1377 2077 1467 2156 ὁρᾶτε,
1480 2078 1497 2145 ἡ
1512 2072 1560 2150 μίν
1575 2074 1672 2154 τάφρος
1684 2068 1859 2151 πᾶσιιῖχιίοθη,

275 2168 330 2229 θδέ
346 2165 462 2226 καλλίων
476 2164 522 2223 κοιλ
541 2162 636 2236 μείζων
658 2163 684 2219 έν
707 2164 760 2228 τοῖς
781 2163 859 2241 ἱεροῖς
882 2157 1052 2236 άποκείμενος
1105 2163 1136 2221 τὸ
1151 2163 1179 2223 δὲ
1192 2161 1261 2222 κατὰ
1280 2166 1329 2240 γῆν
1341 2163 1427 2242 τεῖχος
1439 2163 1545 2242 ἰιςρισῖ
1562 2161 1669 2243 μέρεσιν
1682 2158 1748 2220 οὕτω
1767 2182 1802 2218 τοι
1821 2180 1861 2215 κα-

276 2252 450 2330 άναθημάτων
463 2251 510 2310 καί
523 2248 666 2326 κειμηλίων
687 2248 817 2307 παντοίων
839 2249 869 2305 ίκ
888 2251 986 2327 χρυσοῦ
1006 2246 1051 2304 καί
1106 2251 1260 2333 τηρριιιται,
1287 2254 1320 2320 έις
1343 2251 1380 2329 μὴ
1404 2250 1482 2329 μόνον
1508 2250 1630 2319 ὁπλίταις
1652 2273 1680 2310 τε
1701 2249 1745 2309 καί
1767 2245 1863 2316 εὐζύνοις

276 2340 389 2422 άργύρου
403 2337 669 2415 κατεσκευασμένων,
680 2337 758 2396 λίθοιν
776 2358 805 2394 τε
818 2333 911 2413 τιμίων
923 2334 969 2392 καί
984 2357 1052 2414 μαρ-
1109 2338 1249 2420 ἀνδράσιν,
1267 2337 1358 2420 ὥσπερ
1380 2342 1470 2417 ὑμεῖς,
1481 2339 1550 2398 άλλδι
1564 2338 1613 2398 καί
1629 2336 1719 2405 ίπποις
1738 2338 1813 2399 αύτοῑς
1828 2330 1863 2391 καί

274 2431 363 2509 γέρων
384 2429 551 2498 πθλθτῑλοῗοθι
574 2424 690 2513 &W
718 2447 746 2483 τί
774 2423 880 2505 ἄπῑῑῖιόλ
910 2446 935 2481 ³²
959 2426 1053 2502 χνῆμο
1108 2428 1232 2495 ίππόταις
1244 2426 1420 2504 ὡπλισμένοις
1434 2430 1523 2494 καλῶς
1542 2428 1641 2509 ῥηιδίως
1661 2417 1724 2486 εἶναι
1748 2420 1860 2484 διαύατόν.
1897 2434 1898 2437 ’

275 2520 422 2597 λαμπρῶν,
435 2516 496 2575 ἄνευ
511 2513 543 2582 δλ
564 2517 612 2585 τῆς
626 2512 707 2583 ἄλλης
727 2513 785 2570 κατ’
799 2502 868 2571 οἶκον
888 2513 1053 2581 κατασκευῆς
1110 2515 1204 2584 Ούτως
1218 2517 1248 2575 οῦ
1259 2526 1345 2596 τεῖχος
1359 2516 1500 2597 ἀπόμαχον
1519 2519 1602 2595 ὑμῖν,
1619 2515 1686 2576 ἀλλὰ
1698 2514 1779 2575 πεδίον
1792 2510 1862 2571 ίππά-

275 2606 321 2665 καλ
341 2602 505 2685 περιουσίας·
529 2592 565 2660 ῶν
594 2600 718 2659 ἁπάντων
741 2602 815 2679 ὑμεῖς
839 2598 928 2658 ίσεσθε
954 2597 1051 2677 κύριοι·
1108 2606 1184 2682 σιμὴν
1199 2602 1293 2680 δίδωμι
1309 2603 1431 2673 διαὸῆιιιι
1447 2602 1490 2672 ξὺν
1503 2601 1637 2671 ὅπλοις.

277 2695 310 2774 (ι)
327 2693 418 2754 ίπειτα
444 2693 533 2769 ἄνδρες
560 2690 653 2768 άγαθοί
681 2688 799 2748 πλεῖστοί
826 2710 855 2746 τε
882 2686 928 2746 καί
952 2689 1004 2745 τῶν
1023 2678 1051 2745 τῦ
1149 2691 1251 2753 XLIX.
1274 2719 1287 2746 ε
1300 2690 1343 2752 T&
1365 2690 1393 2751 δέ
1408 2696 1459 2751 τῶν
1475 2693 1700 2772 ἀντιτεταγμένων
1713 2693 1772 2768 ἡμῖν
1789 2684 1861 2765 τίχριλ

275 2771 481 2860 γεγονότων,ῶν
502 2781 527 2838 οί
550 2777 597 2856 μίν
625 2776 806 2836 δουλεύσουσιν
831 2779 909 2853 ὑμῖν,
923 2777 947 2833 οί
971 2773 999 2833 δέ
1027 2776 1053 2840 ές
1107 2780 1153 2838 καὶ
1176 2779 1276 2856 λέγειν;
1292 2778 1383 2860 ἄνδρες
1400 2780 1450 2859 γάρ
1476 2782 1526 2838 είσι
1544 2783 1619 2840 πάνυ
1638 2804 1666 2840 τε
1687 2779 1765 2856 ὀλίγοι
1786 2773 1861 2833 καλοί

278 2869 402 2929 ἀπόδοσιν
423 2866 543 2940 έσονται,
562 2865 681 2946 γυναῖκές
705 2888 734 2923 τε
756 2865 880 2924 πλεῖσται
906 2862 952 2921 καί
978 2862 1050 2922 κάλ·
1108 2867 1211 2934 πλείους
1233 2866 1327 2926 ἄοπλοι
1350 2866 1396 2926 καί
1421 2868 1544 2944 πολέμων
1570 2867 1688 2951 ἄπειροι·
1705 2870 1738 2933 ὣς
1757 2862 1801 2943 γάρ
1819 2860 1862 2939 fx&

275 2963 380 3036 λισται,
403 2956 461 3015 νέαι
486 2956 531 3015 καί
554 2953 651 3032 άγαθαλ
674 2950 722 3020 τδις
744 2952 833 3032 ὄψεις,
858 2950 903 3009 καί
930 2948 1052 3030 παρθένοι
1108 2954 1282 3016 πυνθάνεσθαι
1297 2958 1350 3013 τῶν
1373 2955 1543 3034 αὐτομόλων,
1559 2957 1639 3034 μόλις
1653 2954 1716 3036 ρειαί
1730 2950 1864 3026 δύοῆερεῖς

275 3046 338 3127 πρδς
351 3045 438 3124 γάμον
452 3046 550 3123 ὡραῖαι
567 3043 677 3118 εύγενείς
699 3064 727 3100 τε
748 3040 793 3099 καί
814 3039 840 3108 ἐξ
866 3042 992 3117 εὐγενῶν,
1008 3038 1053 3097 καί
1113 3044 1207 3124 ἄνδρας
1230 3033 1296 3103 εἶναι
1317 3042 1377 3111 τοὺς
1391 3044 1418 3102 ἰν
1439 3046 1478 3124 τῷ
1498 3042 1595 3124 πύργῳ
1615 3040 1816 3125 προμαχομένους
1828 3032 1863 3093 καί

277 3132 392 3214 άρρίνων
408 3134 551 3214 ὀφθαλμοῖς
566 3127 605 3188 έτι
622 3128 669 3188 καί
689 3131 734 3187 νῦν
758 3127 852 3188 άῦατοι
870 3126 936 3186 ἔνιαι
954 3126 1053 3185 τούτων
1111 3130 1212 3212 ἑτέρους
1223 3128 1359 3198 τοσούτους
1370 3133 1396 3190 έν
1407 3134 1446 3212 τῷ
1459 3131 1724 3213 μεταπυργίιρ,άιετε
1737 3125 1864 3205 ξυμόαίνειν

277 3225 322 3281 καὶ
356 3219 423 3303 πρὸς
444 3219 544 3299 γύμοοε
571 3220 670 3296 δρῶσαι
700 3218 833 3296 ίπιρανῶν
863 3214 909 3274 καί
932 3213 1054 3293 μεγάλων
1110 3219 1157 3280 ένα
1171 3219 1252 3299 ἄνδρα
1272 3221 1449 3301 προπολεμεῖν
1464 3243 1494 3279 τε
1511 3219 1557 3280 καί
1574 3221 1758 3301 προμάχεσθαι
1769 3208 1864 3293 τριῶνλ

277 3311 394 3387 ἀνδρῶν,
412 3299 449 3367 ὧν
470 3309 497 3364 αί
512 3305 559 3382 μὲν
575 3305 677 3364 ἔσονται
694 3308 756 3380 ύμῖν
775 3305 801 3372 ές
824 3306 967 3381 γυναῖκας,
982 3305 1010 3361 αἱ
1026 3299 1053 3361 δέ
1111 3307 1243 3388 τεττάρων
1264 3306 1412 3381 ἐπάλξεων,
1435 3307 1482 3368 καί
1506 3313 1603 3369 τοῦτον
1623 3309 1640 3381 ἣ
1663 3308 1751 3368 άοπλον
1762 3296 1863 3370 πάντηῆ

277 3396 341 3476 πρδς
355 3395 495 3474 θεραπείαν
507 3392 674 3474 ἀρκέσουσιν,
690 3394 718 3451 αί
736 3389 763 3451 δέ
777 3390 841 3471 πρδς
856 3390 995 3464 ἀπόδοσιν,
1009 3392 1054 3451 καὶ
1110 3399 1198 3463 κακῶς
1212 3395 1388 3473 ὡπλισμένον.
1433 3395 1470 3476 (ε)
1483 3399 1546 3465 Πῶς
1560 3392 1607 3458 οὖν
1624 3402 1649 3466 ἐς
1663 3392 1863 3460 ςιςοῦτονπλῆθος

277 3486 425 3564 κερδανεῖτε
447 3482 516 3542 κατλ
537 3480 624 3541 πολλὰ
647 3480 673 3547 ίς
697 3502 725 3538 τε
747 3481 892 3539 άπολαυσιν
914 3483 979 3557 δμοῦ
1009 3479 1054 3539 καί
1111 3488 1188 3561 ἡμῶν
1214 3484 1368 3564 ἀρκέσουσιν
1391 3476 1476 3575 σύρας
1492 3485 1538 3545 καί
1557 3487 1675 3564 μάλιστα
1693 3488 1763 3562 ἡμῶν
1781 3477 1863 3559 μὲνέκ

277 3572 418 3654 θεραπείαν
429 3570 475 3631 καί
484 3573 610 3630 πλοῦτον·
624 3567 669 3626 καί
676 3568 767 3634 παῖδας
774 3566 870 3645 δμοίως
878 3570 998 3627 πλεῖστοι
1009 3568 1053 3626 καί
1110 3574 1235 3652 διαδοχῆς
1257 3574 1454 3653 ἀγωνιζομένων
1479 3575 1524 3634 καί
1545 3576 1588 3636 del
1606 3579 1701 3656 νεαρῶν
1715 3570 1825 3633 ἐπιόντων
1843 3565 1862 3626 ίι

279 3661 415 3719 κάλλιστοι
426 3658 471 3717 καί
485 3661 537 3717 τῶν
550 3646 580 3715 τύ
593 3653 750 3734 γεγονότων,
759 3654 798 3714 έτι
810 3654 837 3714 δὲ
850 3657 915 3715 νεῶν
926 3679 955 3714 τε
967 3655 1053 3727 κάλλη
1110 3661 1140 3720 τδ
1162 3660 1252 3741 ἔργον,
1277 3661 1323 3719 καί
1345 3660 1436 3744 καιρδν
1454 3662 1568 3741 ἐχόντων
1590 3665 1636 3724 καί
1661 3662 1736 3722 ῦπνον
1754 3658 1862 3737 αίρεῖσθαι

278 3748 323 3808 καί
347 3746 481 3825 δημοσίων
504 3742 739 3822 οἰκοδομημάτων,
759 3744 805 3803 κοί
827 3743 907 3803 οίκίαι
931 3744 1054 3825 λαμπραὶ
1111 3749 1155 3809 καί
1176 3753 1237 3809 σῖτα
1252 3748 1298 3808 καί
1312 3750 1456 3810 ἀναπαύειν
1473 3751 1583 3826 αύτούς,
1596 3754 1681 3813 αὐτῶν
1696 3749 1721 3810 δέ
1735 3743 1862 3807 άδιακόπωι

278 3837 323 3895 καί
340 3836 496 3916 παράδεισοι
515 3832 561 3891 καί
584 3836 692 3890 τοιαῦτα
713 3830 799 3891 πολλίι
819 3829 846 3899 ές
859 3855 888 3891 τε
905 3831 966 3893 θέαν
987 3836 1052 3909 θμοῦ
1108 3861 1138 3897 τε
1147 3837 1192 3897 καί
1202 3836 1397 3914 ἐπιτεταμένως
1406 3838 1566 3919 μαχομένων
1580 3841 1620 3900 διεί
1631 3840 1676 3901 καί
1685 3836 1778 3920 μηδένα
1788 3828 1863 3910 καιρδν

278 3924 323 3983 καί
337 3924 427 4004 τέρψιν
440 3921 485 3983 καί
498 3919 593 3993 ἡδονὴν
607 3918 653 3979 καί
665 3920 809 3979 άπολαυσιν
821 3921 911 3981 ἱκανά.
954 3922 986 4001 (ιι)
1000 3920 1053 3981 Καὶ
1109 3924 1222 4005 έχόντων
1238 3924 1256 3997 ἢ
1280 3924 1390 3997 ύπνουῆ
1406 3926 1489 3987 σιτίου
1508 3925 1526 3998 ἢ
1549 3934 1634 3989 ποτοῦ
1654 3925 1671 4000 ἦ
1696 3921 1832 3992 άναπαύληι
1849 3915 1863 3984 λ

277 4011 303 4069 τί
317 4012 357 4069 δεῖ
378 4015 463 4068 ταῦτα
485 4009 572 4068 πάντα
591 4007 769 4085 καταλέγοντα
793 4007 953 4089 διατρίόειν;
977 4008 1052 4067 πόλιν
1108 4012 1188 4073 ἄλλοι
1206 4038 1253 4075 τινι
1270 4017 1322 4073 τῶν
1341 4015 1463 4074 τοιούτων
1489 4018 1666 4100 μιταλαχςῖι,
1686 4019 1760 4090 ἡμῶν
1779 4011 1862 4069 έπικει·

280 4097 397 4174 μεγάλην
413 4098 459 4154 καί
472 4095 691 4173 πολυάνθρωπον,
705 4096 835 4174 βασίλειόν
850 4119 879 4154 τε
897 4098 949 4154 τῶν
970 4094 1053 4155 ποῶαι
1111 4099 1196 4178 μένων
1219 4124 1247 4161 τι
1268 4104 1305 4181 τῷ
1319 4100 1427 4183 πολέμῳ
1441 4101 1486 4162 καί
1507 4104 1662 4183 βιαζόιςςην,
1706 4103 1738 4181 (ν)
1751 4096 1811 4162 Οὐδὲ
1823 4093 1863 4170 γάρ

276 4179 433 4261 Ῥωμαίων,
448 4181 493 4241 καί
513 4184 538 4247 ές
559 4182 637 4262 άκραν
658 4182 823 4258 εύδαιμονίας
846 4182 891 4241 καί
906 4181 988 4263 τύχης
1008 4182 1053 4243 καί
1111 4187 1313 4266 άκροῦολισμοῖς
1334 4188 1373 4249 ἔτι
1394 4190 1548 4270 χρησόμεθα
1575 4194 1621 4252 καὶ
1643 4192 1804 4271 ζπςχδρομεῑς
1828 4178 1865 4240 καί

279 4267 353 4343 δοίης
373 4269 521 4343 ίλάσασαν,
535 4268 653 4350 κεφαλήν
666 4292 694 4328 τε
709 4270 885 4349 γεγενημένην
899 4274 946 4342 τῆς
965 4274 1054 4331 οἰκον·
1110 4276 1268 4357 προιὸολεῑς
1298 4277 1343 4336 καί
1375 4277 1477 4354 πείραις
1513 4278 1621 4357 μόναις,
1644 4278 1731 4359 ὥσπερ
1753 4271 1861 4354 πρόσθεν,

279 4356 359 4433 μέλη(
374 4356 480 4429 ἁπάσης
496 4356 591 4435 δίδωμι
605 4364 649 4418 ν’ὗν
664 4358 724 4434 ὑμῖν
740 4360 766 4426 ές
786 4358 933 4439 διαρπαγήν
957 4383 986 4419 τε
1008 4360 1054 4420 καί
1109 4364 1178 4425 καθὰ
1195 4365 1357 4442 νομίζουσιν,
1370 4365 1429 4425 ἀλλ’
1444 4365 1596 4448 άρξαμίνων
1609 4368 1730 4446 πολεμεῖν
1744 4363 1865 4434 θπόλιιιοῖ

276 4444 369 4523 λείαν,
386 4447 497 4505 πλοῦτον
520 4445 643 4526 άρθονον,
661 4446 772 4528 ἄνδρας,
788 4448 928 4528 γυναῖκας,
941 4449 1053 4527 παῖδας,
1112 4452 1223 4533 ξυνεχὴς
1238 4453 1312 4513 έσται
1326 4453 1371 4513 καί
1382 4453 1523 4523 άδιάκοπος
1532 4456 1634 4540 νύκτωρ
1646 4457 1690 4517 καί
1705 4457 1761 4533 μεθ’
1768 4448 1863 4528 ἡμέραν,

277 4532 364 4592 πάντα
380 4533 424 4593 τδν
439 4533 519 4593 ἄλλον
534 4535 615 4605 αίτῆς
633 4531 732 4611 κόσμον
745 4533 791 4594 καί
808 4534 855 4607 την
871 4534 1051 4608 κατασκευήν·
1110 4541 1242 4619 μηδεμίαν
1255 4539 1323 4621 έχων
1337 4540 1508 4623 άνακωχὴνίη
1523 4545 1685 4625 ἐκεχειρίαν,
1699 4544 1746 4609 έως
1756 4539 1784 4600 δν
1797 4535 1864 4614 πέρας

278 4613 314 4680 ὧν
325 4621 449 4681 ἁπάντων
461 4620 673 4702 ίμφθρηθθθῑσθῑ
682 4620 772 4703 ὥσπέρ
783 4624 809 4683 3⁹
819 4622 916 4704 ῑῦωλίθ
928 4625 1051 4705 λαμπάδι
1109 4628 1179 4708 λάύῃ
1194 4630 1229 4687 τὰ
1244 4629 1303 4687 κατ’
1319 4630 1407 4691 αὐτόν·
1419 4628 1488 4691 ὥστε
1499 4632 1597 4708 νομίζω
1611 4632 1715 4698 τούτους
1725 4632 1761 4709 τῷ
1780 4648 1805 4684 τι
1818 4622 1864 4690 ξολ·

277 4708 322 4768 καὶ
337 4709 567 4787 ένευδαιμονήσετε
581 4709 680 4779 τούτοις
701 4715 775 4790 ὑμεῖς
794 4735 837 4787 τε,
855 4711 902 4772 καί
918 4717 972 4781 τοῖς
991 4716 1053 4790 θμε·
1110 4725 1166 4798 εχεῑ
1187 4715 1295 4799 πολέμῳ
1310 4716 1355 4775 καί
1370 4720 1409 4797 τῷ
1423 4718 1495 4801 πόνῳ
1508 4720 1554 4778 καί
1565 4723 1603 4800 τῷ
1617 4721 1688 4802 λιμῷ
1701 4717 1745 4778 καί
1757 4718 1788 4795 τῇ
1800 4715 1864 4787 ιἰγμο·

278 4796 359 4876 τέροις
372 4797 449 4857 παισί
470 4800 582 4858 πλοῦτον
596 4796 677 4858 πολίιν
695 4799 886 4961 καταλείρνετε,
903 4800 948 4860 καί
962 4800 992 4860 τδ
1006 4801 1054 4878 μί·
1113 4805 1177 4885 πνίορ
1192 4805 1415 4875 καταπιεσθίντας
1434 4809 1529 4889 ῥηιδίως
1548 4807 1669 4869 ἐνδώσειν
1689 4811 1761 4883 ἡμῖν.
1800 4792 1863 4876 (⁴)0¹

277 4884 421 4961 γιστσν,ότι
433 4886 509 4945 πόλιν
518 4886 642 4961 τοιαύτην
653 4887 787 4967 αἱρήσετε,
814 4913 825 4955 ς
838 4888 868 4947 τδ
881 4889 955 4957 κλέος
964 4899 1053 4951 πᾶσαν
1110 4890 1137 4950 δὲ
1152 4893 1196 4952 ῖπί
1209 4897 1254 4953 τοῦ
1267 4896 1473 4975 κατερριμμένου
1487 4895 1589 4976 τείχους
1601 4899 1651 4954 τῶν
1668 4895 1773 4956 Ἰταλῶν
1785 4904 1865 4961 τιταγ

282 5002 1864 5033 ·—---—————--.---...-—....---

308 5071 323 5133 §
337 5072 470 5153 43662102]
491 5087 589 5136 margo,
604 5075 722 5138 ὢραυστοι
743 5078 842 5138 textus,
854 5079 883 5125 ut
903 5077 965 5126 infra
981 5091 1003 5127 c.
1017 5083 1056 5138 οῖ,
1074 5084 1096 5128 5.
1112 5079 1123 5143 ΙΙ
1136 5109 1163 5116 -
1178 5081 1296 5144 ἐπιφανῶν
1312 5082 1352 5130 καί
1372 5081 1429 5132 add.
1445 5097 1480 5131 m.
1494 5091 1516 5132 2.
1530 5083 1540 5144 ΙΙ
1555 5083 1609 5145 -§
1624 5091 1637 5132 5
1653 5085 1680 5132 τὸ
1690 5077 1762 5144 ὑμῶν]
1772 5086 1829 5126 mffl·
1843 5074 1863 5118 ²·

280 5140 308 5188 τὸ
321 5142 430 5203 θμετερον
444 5156 478 5192 νιν.
492 5147 513 5191 1.
527 5142 610 5207 1-9
624 5151 647 5193 ο.
664 5143 757 5208 κακοῖς]
771 5147 852 5202 καλοῖς
866 5145 954 5195 ακΙοιι.
969 5148 1007 5197 Cf.
1022 5162 1099 5213 supra
1108 5162 1163 5212 cap.
1179 5154 1215 5208 ιο,
1229 5155 1256 5200 ιο
1267 5155 1294 5201 οῑ
1303 5164 1357 5215 cap.
1373 5157 1409 5214 1ο,
1420 5160 1443 5201 ο.
1453 5154 1463 5215 ΙΙ
1479 5182 1503 5190 -
1515 5155 1557 5211 τήν
1570 5155 1639 5216 ημετ.
1653 5149 1733 5215 ἀρχὴν]
1748 5145 1822 5197 ιοοίῑῐῐ)
1830 5145 1863 5202 ἲλ·

279 5209 353 5270 ὀρχη,
368 5222 520 5272 quamquam
534 5212 594 5262 terri
612 5213 688 5263 etiam
706 5216 865 5265 οσοοεεῐῖνυε
879 5219 971 5279 potest.
989 5216 999 5280 [Ι
1015 5246 1042 5255 --
1055 5221 1077 5268 7.
1092 5218 1167 5283 ὑμεῖς]
1178 5222 1252 5283 θμῖνῖ

310 5280 389 5330 mx.
406 5280 420 5343 §
436 5288 459 5330 2.
473 5280 538 5345 σῖτα]
550 5282 586 5332 εἰσ
598 5296 673 5333 manu
686 5290 787 5346 θ,οῖτον
800 5299 869 5337 man.
884 5291 906 5349 13
917 5293 973 5337 σῖτα
985 5288 1063 5340 διαίνου
1078 5289 1154 5340 eliam
1171 5304 1228 5357 cap.
1243 5297 1283 5356 ⁶2,
1294 5292 1309 5357 §
1319 5299 1342 5346 2.
1355 5292 1366 5358 ΙΙ
1378 5320 1409 5330 -
1422 5293 1607 5361 μεταλαγχάνειν
1618 5306 1652 5344 m.
1667 5300 1686 5346 1.
1697 5291 1708 5356 ΙΙ
1720 5318 1744 5327 -
1755 5287 1770 5351 §
1780 5291 1800 5336 ⁵·
1813 5281 1863 5343 οῦ·
