3842 6036
65 557 148 634 ιἘρλ
159 562 205 630 τῆς
216 556 321 625 πόλεως
332 558 425 628 ταύτης
437 557 543 616 καὶτῶν
553 561 631 629 αιἰτῆς
645 556 786 635 οἰκητόρων
802 561 828 617 ἐν

62 646 194 711 τοσαύταις
202 646 336 726 περιόδοις
346 649 408 704 ἐτῶν
422 643 560 715 ἐκδικητὴν
572 642 724 721 ἐταμιεύετο
736 648 749 701 δ
759 644 828 710 θεός·

63 735 242 814 ἐχειρωσάμην
256 733 308 812 γδρ
321 732 377 799 τοὺς
391 738 486 792 τούτων
497 730 614 810 ἐχθρούς,
628 730 674 790 καί
685 732 731 796 τὰς
740 729 829 798 πόλεις

62 825 143 880 αὐτῶν
166 821 321 901 ἐπόρθησα,
338 820 383 880 καί
404 822 503 881 Μυσῶν
517 818 589 878 λείαν
604 817 638 876 τὰ
658 817 756 876 τούτων
772 843 827 877 πε-

61 911 181 984 ποίημαι.
224 908 359 980 ’Ἕλληνες
375 906 425 986 γὰρ
448 899 516 978 ήσαν
535 909 580 965 καὶ
605 907 764 965 Μακεδόνωι
784 906 829 965 καὶ

60 996 188 1057 Θετταλοὶ
202 995 251 1054 καὶ
267 992 471 1065 Πελοποννήσιοι
482 995 506 1052 οῖ
520 990 621 1065 ταύτην
636 992 722 1051 πάλαι
734 991 831 1072 πορθή-

59 1106 163 1157 σαντες,
174 1073 212 1142 ῶν
229 1084 255 1140 οἱ
268 1082 389 1157 ἀπόγονοι
398 1078 536 1145 τοσαύταις
547 1083 572 1146 ἐς
581 1079 689 1158 ὕστερον
699 1079 829 1160 περιόδοις

60 1175 184 1231 ἐνιαυτῶν
202 1175 249 1228 νῦν
264 1168 324 1247 ἐμοὶ
342 1168 390 1239 τήν
410 1166 484 1239 δίκην
507 1167 652 1237 ἀπέτισαν,
672 1167 715 1224 διοί
735 1190 763 1224 τε
783 1166 831 1237 τήν

59 1259 121 1318 τότε
144 1260 170 1324 ἐς
190 1254 391 1324 τσέιςἈσιανούς
413 1259 484 1331 ἡμᾶς
507 1253 553 1313 καί
575 1254 700 1319 πολλάκις
722 1254 829 1334 ύοτερον

62 1346 137 1424 θόριν
152 1346 244 1403 αύτῶν.
259 1371 271 1394 ν

106 1435 174 1497 ΧΙΙ.
191 1430 336 1509 Ὀρμηθεὶς
350 1420 395 1488 οέν
416 1431 511 1488 ἐκεῖθεν
527 1428 635 1507 οἰρίκετο
654 1427 699 1487 ἐπὶ
712 1427 828 1500 Λεκτὸν,

58 1525 176 1583 κοῖκεῑθεν
203 1520 268 1599 ἄρας
288 1515 525 1598 στρατοπεδεύεται
552 1515 595 1574 ἐπὶ
617 1521 665 1586 τῆς
692 1517 831 1596 ἀντιπέραν

61 1609 166 1695 ι’,ιτείρου
177 1611 227 1679 τῆς
237 1605 356 1679 Λέσύου,
370 1602 529 1684 καταντικρύ
542 1604 705 1677 Μιτυλήνης.
720 1607 832 1684 Μαχαν-

60 1698 155 1767 αούτης
174 1694 205 1753 δέ
230 1694 351 1773 ἀναχθεὶς
376 1698 406 1752 ἐκ
441 1692 658 1757 Καλλιουπόλειυς
684 1692 765 1751 παντὶ
792 1695 831 1771 τῷ

62 1787 154 1867 στόλῳ,
169 1784 250 1843 ναυσί
264 1782 425 1853 διακοσίαις,
436 1780 551 1860 τριταῖος
566 1780 685 1859 καταίρει
701 1781 727 1848 ἐς
740 1783 831 1841 Μιτυ-

59 1874 136 1946 λήνην
156 1871 205 1931 καὶ
226 1868 395 1935 ιῖποόιύοίσας
417 1867 466 1939 τήν
488 1868 631 1948 στρατιάν,
653 1867 831 1947 στρατόπεδον

58 1962 154 2031 τίθησιν
169 1961 201 2018 ού
222 1959 316 2039 πόρρω
334 1961 382 2028 τῆς
402 1958 513 2023 πολεως.
559 1956 591 2033 (α)
611 1958 789 2027 Μιτυληναῖοι
805 1957 833 2015 δὲ

63 2050 114 2107 τότε
135 2051 242 2127 πρῶτον
277 2042 443 2123 ἐπεκδρομήν
470 2044 643 2120 ποιησάμενοι
672 2042 718 2102 καὶ
752 2045 832 2119 μηδὲν

60 2138 198 2215 δράσαντες
211 2135 294 2193 πάλιν
312 2131 489 2202 ξυνελαθέντες
509 2131 560 2190 ὑπὸ
581 2135 633 2190 τῶν
656 2134 768 2191 ὁπλιτῶν
788 2133 832 2213 βίορ

63 2224 144 2301 ἐςτήν
157 2226 253 2293 πόλιν,
268 2222 421 2287 κλείσαντες
434 2218 481 2286 τδις
499 2219 583 2286 πύλας
598 2219 700 2297 ἔμενον.
714 2223 831 2299 Μαχου-

62 2314 155 2389 μσύτης
182 2311 211 2371 δέ
228 2310 323 2389 λόγους
345 2307 486 2387 προσρέρει
505 2311 606 2386 πρῶτον
625 2308 771 2373 αὐτοῖςκαὶ
794 2312 832 2389 τῷ

64 2405 128 2480 «ρῶν
140 2399 273 2479 ἡγεμόνι,
293 2399 316 2455 εῖ
334 2397 468 2474 βούλοιντο
482 2396 642 2475 παραδόντες
662 2394 770 2463 ἑαυτούς
785 2400 831 2455 καί

63 2488 107 2559 τήν
128 2492 205 2548 πολιν
226 2484 361 2564 ξυμδΐηναι
382 2487 420 2565 τῷ
437 2486 553 2568 βασιλεῖ·
573 2488 608 2549 ὡς
622 2486 646 2541 δ’
658 2485 706 2543 ούκ
726 2484 830 2562 ἐπειθε,

63 2577 150 2652 πρῶτα
171 2574 222 2654 μίν
246 2574 332 2653 ἔκειρε
354 2570 388 2631 τδι
408 2572 459 2642 ἔξω
484 2576 530 2643 τῆς
551 2570 640 2650 χώρας
662 2571 708 2630 καλ
731 2572 831 2650 ἐδῄωσε

65 2663 165 2736 πάντα,
181 2662 275 2721 ἐπειτοι
294 2661 508 2742 περισταυρώσας
522 2658 571 2730 τήν
591 2659 666 2717 πολιν
680 2660 727 2717 καί
743 2659 832 2741 κύκλῳ

65 2752 210 2831 περιλαδὼν
226 2756 265 2831 τῷ
280 2753 385 2829 στρατῷ
399 2748 445 2809 καλ
465 2747 586 2827 μηχανὰς
600 2747 744 2819 ἐπιστήσας
767 2749 831 2806 ἐπο-

66 2837 172 2917 λιόρκει,
190 2837 237 2898 καὶ
251 2845 297 2897 τοῖν
312 2837 360 2911 μὲν
373 2834 475 2914 τείχους
489 2837 515 2892 ἐν
525 2832 583 2903 ἒξῆ
600 2834 666 2892 ἓπτδι
680 2837 737 2902 ταῖς
760 2833 832 2902 ὅλαις

66 2928 169 3008 ἡμέραις
190 2928 329 2986 κατέσεισε
350 2924 396 2982 καὶ
421 2922 578 3003 κατέρριψεν
599 2924 646 2980 ούκ
666 2922 752 3001 ὀλίγον
776 2928 833 2990 ταῖς

69 3018 205 3093 μηχαναῖς.
251 3016 284 3092 (α)
300 3015 336 3071 Ol
349 3013 375 3071 δὲ
392 3014 418 3070 ἐν
431 3015 464 3086 τῇ
478 3009 553 3069 πολει
566 3013 601 3075 ὡς
615 3000 681 3068 εἶδον
700 3009 730 3069 τδ
748 3013 834 3088 τεῖχος

66 3101 282 3184 κατερριμμένον,
293 3099 400 3179 κεραίας
409 3097 527 3176 μεγάλας
539 3095 716 3174 ἐπαγαγόντες
725 3097 770 3155 καί
784 3121 833 3158 πε·

71 3192 287 3269 ρισταυριύσαντες
296 3186 360 3245 αύτὸ
369 3183 463 3244 ἔσωθέν
472 3206 502 3242 τε
513 3182 559 3242 καί
569 3181 721 3254 ἐξωθεν,κα“ι
730 3185 833 3260 γῆνκαὶ

65 3276 125 3351 ύλην
139 3281 223 3351 ἄλλην
235 3276 307 3336 ἔνδον
319 3272 525 3355 ἐπιρορήσαντες
537 3271 669 3348 ἐμάχοντο
682 3268 726 3329 ἐπ’
740 3270 832 3331 αύτοῶ.

71 3365 100 3443 (ιλ
138 3365 268 3434 Βασιλεύς
296 3364 338 3436 δέ,
357 3362 442 3442 πέραν
462 3359 516 3420 ἀπὸ
533 3364 580 3419 τοῦ
597 3358 774 3437 στρατοπέδου
799 3358 833 3417 τδι

68 3455 183 3533 δρώμενα
196 3457 322 3529 σκοπῶν,
337 3450 423 3510 σιἰκέτι
436 3449 542 3527 μέλλειν
556 3447 623 3528 ᾤετο
637 3447 707 3524 δεῖν,
722 3449 781 3505 ἀλλ’
796 3451 831 3514 ύις

72 3544 174 3622 ια’χιστα
196 3540 419 3622 παρασκευαστέα
441 3531 470 3599 οἷ
489 3530 556 3598 εἶναι
570 3537 650 3597 παντί
670 3539 708 3616 τῷ
728 3540 833 3616 στρατῷ

70 3634 109 3688 καί
121 3633 195 3711 πάσῃ
209 3631 319 3707 δυνάμει
332 3627 493 3708 προσθαλεῖν
506 3652 539 3707 τη
555 3626 645 3698 πολει,
661 3629 697 3691 ὡς
713 3623 833 3683 αύτοθοεὶ

71 3720 161 3790 ταύτην
178 3718 311 3801 αἱρήσειν·
329 3717 375 3774 καλ
393 3714 487 3773 αύτίκα
506 3713 607 3772 κελεύει
620 3712 783 3780 διαόιόάζειν
805 3715 830 3778 ἐς

71 3806 112 3878 τήν
127 3811 204 3880 νῆσον
225 3807 274 3879 τήν
291 3801 420 3883 στρατιδιν
441 3802 488 3860 καί
505 3800 535 3858 τὸ
562 3798 695 3857 ὁπλιτικόν
709 3796 779 3856 άπαν
794 3798 833 3855 ὅτι

395 425 643 487 MECHEMETIS
665 426 794 487 ANNUS
814 428 875 488 x11.
897 429 976 489 6970
999 427 1185 505 (mi-1462
1208 427 1240 488 P.
1261 425 1313 504 (λ).

1595 426 1662 489 145.

883 557 966 635 ἐμόθις
981 562 1006 625 ἐς
1021 557 1116 639 τριήρη
1131 565 1285 638 περαιοῦται
1300 556 1346 618 καλ
1360 557 1437 625 αύτδς
1451 560 1477 623 ἐς
1493 556 1540 629 τήν
1560 562 1653 631 νῆσον,

882 646 927 705 καί
939 646 1119 725 ξυγγενόμενος
1134 646 1322 727 Μαχουμούτει
1336 648 1491 704 πυνθάνεται
1512 646 1572 727 περὶ
1586 647 1653 707 πάν·

882 757 943 793 των·
959 734 1050 794 ἔπειτα
1067 735 1239 813 παριππεύων
1253 734 1411 794 κατεσκόπει
1425 734 1472 804 τήν
1484 735 1570 807 πόλιν,
1582 735 1654 794 τότε

883 822 1002 900 ἐπίμαχα
1015 820 1060 879 κοίι
1070 822 1201 901 ἀπόμαχοι
1211 821 1310 892 ταύτης
1321 820 1391 881 κατδι
1400 824 1448 899 γῆν
1461 845 1489 879 τε
1503 822 1549 881 καὶ
1557 825 1654 881 θύλασ·

884 932 948 985 σαν,
962 912 1007 968 καὶ
1019 909 1118 967 κελεύει
1130 907 1177 981 τήν
1190 908 1316 989 στρατιάν
1330 906 1498 969 ἐκτάττεσθαι
1510 918 1599 968 πᾶσαν
1609 910 1655 968 καὶ

883 995 930 1063 τδις
943 996 1055 1077 τριήρεις
1065 998 1226 1071 ὁπλίζεσθαι,
1238 1003 1272 1064 ύνς
1284 996 1336 1059 ἀπδ
1352 997 1656 1077 θαλάσσηςπροσόαλού-

885 1108 932 1152 σας
948 1088 977 1144 ἐκ
991 1091 1037 1143 τοῦ
1049 1088 1163 1162 λιμένος.
1208 1085 1238 1164 (ο)
1254 1086 1302 1147 Ἐν
1316 1085 1400 1167 τούτῳ
1414 1086 1478 1145 δὲοὶ
1490 1090 1516 1146 ἐν
1533 1092 1566 1166 τῇ
1581 1088 1656 1147 πολει

885 1172 951 1230 καὶὸ
967 1171 1065 1231 τούτων
1078 1172 1239 1252 ήγεμὼν,ύνς
1249 1166 1315 1232 εἶδον
1328 1172 1372 1232 τόν
1386 1197 1415 1232 τε
1425 1174 1537 1254 βασιλέα
1545 1199 1657 1256 περαιω·

887 1260 961 1325 θέντα
976 1260 1021 1318 καί
1036 1261 1084 1334 τὴν
1100 1261 1225 1341 στρατιὰν
1239 1262 1508 1341 παρασκευαζομένην
1524 1263 1593 1322 κατδ
1605 1269 1654 1343 γῆν

883 1349 975 1407 τεκαὶ
998 1349 1132 1408 θάλασσαν
1156 1352 1243 1417 αὐτοῖς
1267 1350 1442 1429 προσύαλεῑν,
1464 1350 1595 1418 δείσαντες
1618 1352 1655 1427 μὴ

885 1436 958 1503 εύθδς
971 1437 1132 1516 θνάρπαστοι
1151 1436 1277 1516 γένωνται
1299 1437 1344 1517 βίορ
1367 1445 1420 1504 τοῖς
1441 1435 1530 1504 ύπλοις
1548 1439 1654 1509 ἁλόντες

888 1525 934 1604 (τό
949 1549 978 1584 τε
991 1526 1138 1605 γάρ’τεῖχος
1152 1528 1240 1606 ἐώρων
1264 1524 1470 1604 κατερριμμένον
1483 1534 1542 1595 ταῖς
1564 1551 1654 1605 μηχα-

885 1618 955 1691 ναῖς,
969 1621 1013 1673 τού
1034 1638 1062 1673 τε
1084 1619 1197 1693 στρατοῦ
1215 1613 1246 1673 τδ
1260 1615 1356 1686 πλῆθος
1377 1613 1483 1692 ἄπειρόν
1502 1616 1589 1674 τεκαὶ
1605 1621 1657 1696 ρω-

886 1705 984 1777 μαλέον
1004 1703 1049 1761 καί
1066 1703 1248 1782 κατάρρακτον
1263 1701 1333 1760 ἅπαν
1351 1703 1400 1774 τήν
1416 1726 1445 1761 τε
1465 1707 1511 1761 τού
1527 1704 1655 1781 βασιλέως

885 1791 969 1871 ὁρμήν
984 1791 1116 1849 ἀνένδοτον
1131 1781 1222 1868 ούσαν,
1235 1793 1270 1858 ὡς
1281 1790 1335 1848 οὐδ’
1349 1790 1399 1865 ἂν,
1410 1790 1435 1849 εί
1444 1815 1473 1877 ,τι
1489 1791 1534 1850 καί
1545 1793 1656 1871 γένοιτο,

887 1883 934 1948 τῆς
953 1878 1033 1949 νήσου
1058 1880 1223 1953 ἀποστῆναι,
1252 1881 1274 1935 εί
1298 1877 1335 1954 μή
1358 1878 1456 1948 ταύτην
1486 1880 1590 1956 αἱρήσει
1615 1906 1657 1939 τε·

887 1965 989 2043 λείως),
1006 1963 1142 2042 πέμπουσι
1155 1965 1269 2043 κήρυκα,
1281 1965 1420 2032 ἐνδιδόντες
1435 1967 1542 2034 ἑαυτούς
1556 1970 1600 2027 καὶ
1610 1970 1657 2043 τήν

885 2054 960 2113 πόλιν
986 2057 1024 2133 τῷ
1051 2056 1170 2131 βασιλεῖ,
1201 2053 1247 2112 καί
1277 2052 1333 2129 ἅμα
1364 2053 1480 2131 δεόμενοι
1507 2053 1659 2133 ξυγγνώμης

886 2148 990 2219 τυχεῖν,
1020 2138 1060 2198 ὅτι
1087 2137 1124 2216 μὴ
1148 2138 1222 2204 εὐθὺς
1244 2137 1454 2220 προσεχώρησαν
1489 2139 1656 2217 καλούμενοι.

891 2230 922 2303 (7)
966 2227 1020 2287 Καί
1031 2231 1046 2285 δ
1059 2226 1180 2306 βασιλεὺς
1192 2227 1298 2305 δέχεται
1315 2225 1420 2294 τούτους
1439 2227 1485 2285 καλ
1501 2227 1591 2288 δίδωσι
1611 2228 1657 2287 αὖ·

886 2316 938 2382 τοῖς
958 2315 992 2374 τθι
1013 2314 1108 2375 πιστά·
1125 2318 1148 2373 ot
1169 2315 1198 2373 δέ
1218 2316 1394 2386 Μιτυληναῖοι
1407 2312 1490 2382 ἐξίασι
1501 2319 1548 2386 τῆς
1561 2318 1660 2383 πολεως

887 2402 953 2479 μετδι
967 2408 1012 2461 τοῦ
1022 2406 1093 2483 σιρῶν
1103 2403 1228 2480 ἡγεμόνος
1238 2401 1282 2461 καὶ
1290 2401 1516 2481 προσκυνήσαντες
1529 2403 1571 2462 τὸν
1584 2408 1661 2483 βασι-

886 2490 933 2550 λέα
951 2489 1128 2569 παραδιδόασι
1138 2488 1235 2558 ταύτην
1248 2490 1328 2568 αύτῷ.
1347 2486 1382 2548 Ὁ
1395 2486 1422 2548 δὲ
1434 2488 1539 2569 δέχεται
1553 2490 1657 2558 τούτους

889 2576 994 2657 ἡμέρως
1010 2578 1056 2637 καλ
1079 2577 1201 2656 δωρεῖται
1215 2574 1371 2656 φιλοτίμως·
1388 2572 1478 2633 ἔπειτα
1502 2578 1614 2636 ἐσελθὼν
1633 2581 1658 2644 ἐς

888 2664 935 2735 τήν
952 2667 1030 2724 πόλιν
1045 2662 1169 2722 ἐθεάσατο
1181 2671 1268 2720 πᾶσαν
1289 2663 1394 2735 καλῶς,
1418 2664 1464 2721 καὶ
1486 2662 1568 2731 ἔδοξεν
1584 2664 1657 2742 αύτῷ

887 2752 983 2832 ἓρίστη
997 2776 1027 2811 τε
1038 2751 1095 2828 ἅμα
1108 2750 1153 2809 καὶ
1175 2749 1315 2822 καλλίστη.
1333 2745 1449 2811 Ἤκουσε
1464 2750 1491 2810 δέ
1503 2751 1548 2809 καί
1560 2754 1584 2809 οἱ
1603 2751 1656 2812 ἀπὸ

887 2846 938 2899 τῶν
959 2839 1045 2898 ἄλλων
1078 2837 1205 2920 ρρουρίων
1228 2836 1274 2897 καλ
1302 2840 1490 2916 πολισμάτων,
1520 2837 1659 2905 ἐνδιδόντες

889 2926 996 2992 ἑαυτούς
1009 2925 1055 2984 καὶ
1068 2927 1102 2983 τὰ
1116 2925 1236 3006 ιρρούρια.
1264 2923 1297 3004 (ε)
1341 2925 1467 2991 Βασιλεὺς
1490 2927 1516 2983 δὲ
1531 2924 1659 3004 τέσσαρας

887 3014 949 3080 ύλας
962 3014 1062 3092 ἡμέρας
1083 3016 1109 3072 ἐν
1132 3017 1164 3092 τῇ
1190 3011 1262 3092 νήσῳ
1278 3009 1410 3089 διαγαγὼν
1425 3012 1470 3070 καὶ
1495 3015 1656 3089 θεασάμενος

889 3100 971 3172 αὐτὴν
989 3102 1035 3159 καὶ
1055 3098 1089 3158 τθι
1108 3102 1134 3157 ἐν
1149 3100 1216 3179 αὐτῇ
1231 3099 1336 3171 πάντα,
1359 3101 1405 3159 καὶ
1427 3098 1565 3175 θαυμάσας
1580 3104 1610 3159 τό
1631 3124 1658 3160 τε

890 3186 996 3266 μέγεθος
1017 3185 1063 3246 καὶ
1082 3186 1178 3253 κάλλος
1206 3187 1286 3256 αὐτῆς
1307 3187 1353 3245 καὶ
1374 3186 1421 3256 τήν
1442 3186 1524 3258 ἄλλην
1546 3192 1593 3258 τῆς
1611 3192 1660 3266 γῆς

888 3275 982 3358 θρετλν
1004 3275 1050 3334 καί
1073 3276 1254 3349 κατασκευὴν,
1269 3268 1341 3341 αύθις
1353 3273 1438 3351 ἐμύλς
1458 3278 1484 3343 ἐς
1502 3276 1596 3355 τριήρη
1610 3300 1660 3336 πε-

889 3368 1007 3443 ραιοῦται
1021 3364 1046 3430 ἐς
1055 3359 1086 3420 τδ
1097 3361 1282 3441 στρατόπεδον,
1296 3359 1450 3422 καταλιπιδν
1460 3363 1660 3441 Μαχουμούτεα

886 3450 1020 3510 διαθέσθαι
1034 3451 1067 3509 τδι
1082 3450 1152 3510 κατὰ
1167 3448 1214 3523 τήν
1224 3450 1300 3509 πόλιν
1312 3451 1357 3510 καί
1368 3448 1415 3523 τήν
1431 3453 1524 3523 νῆσον,
1537 3455 1572 3518 ὡς
1582 3471 1662 3531 προσ·

887 3539 996 3617 ετάχθη.
1037 3537 1117 3616 (ολὉ
1139 3537 1166 3597 δέ
1193 3538 1292 3605 πάντας
1305 3536 1362 3606 τοὺς
1380 3540 1407 3597 ἐν
1428 3542 1461 3618 τῇ
1484 3540 1561 3598 πόλει
1582 3538 1660 3608 ξυνα·

887 3625 996 3704 γαγὼν,
1018 3626 1113 3707 ἄνδρας
1131 3626 1161 3685 τί
1183 3648 1252 3708 φημι
1266 3628 1311 3684 καὶ
1334 3633 1461 3703 γυναῖκας
1482 3626 1527 3684 καί
1545 3627 1658 3697 παῖδας,

890 3714 983 3771 διεῖλεν
1002 3716 1027 3779 ἐς
1052 3712 1144 3793 μοίρας
1162 3722 1246 3792 τρεῖς,
1262 3712 1307 3773 καὶ
1325 3711 1373 3785 τήν
1389 3712 1437 3790 μέν
1457 3712 1565 3792 πρώτην
1589 3713 1661 3773 εἴασε

892 3799 977 3876 μένειν
995 3799 1038 3859 ἐπὶ
1053 3805 1099 3871 τῆς
1111 3801 1212 3867 πόλεως
1226 3801 1271 3860 καί
1289 3809 1419 3860 κατοικεῖν
1434 3800 1527 3872 αὐτὴν,
1552 3800 1661 3879 ἔχοντας

69 3894 182 3975 τάχιστα.
209 3894 264 3955 Καὶ
285 3896 309 3951 οἱ
331 3890 379 3968 μέν
409 3888 549 3949 διέύαινον.
594 3888 633 3969 (ε)
660 3884 786 3952 Βασιλεὺς
809 3886 832 3943 δ’
890 3885 936 3945 καῖ
950 3887 1106 3964 νεμομένους
1121 3889 1154 3946 τὰ
1174 3892 1274 3948 ἑαυτῶν
1281 3891 1349 3960 ,καὶ
1369 3889 1412 3946 τὸν
1435 3888 1580 3965 εἰθισμένον
1601 3891 1661 3960 ἐτη-

95 4132 146 4183 ¹11.
161 4133 175 4196 5
196 4138 217 4183 1.
229 4133 284 4182 Ἐπὶ
296 4136 337 4189 τῆς
348 4127 484 4192 ἀντιπέραν]
497 4126 529 4176 αθ
542 4126 654 4188 Αλοειιικ,
665 4124 695 4172 ut
708 4124 791 4172 Ducas
807 4127 831 4175 et
845 4123 964 4173 Seadedd.
980 4124 991 4187 11
1001 4151 1034 4163 -
1044 4127 1187 4191 διακοσίαις]
1205 4127 1284 4177 classe
1294 4126 1430 4177 trirequm
1447 4133 1485 4185 25,
1500 4126 1605 4176 aliarum
1621 4141 1662 4177 na·

70 4203 129 4253 tium
143 4204 192 4255 ῐετε
204 4206 321 4261 centum,
343 4214 393 4250 sec.
410 4199 495 4250 chain.
508 4210 531 4247 c.
549 4200 604 4255 523,
618 4198 640 4243 7.
662 4196 739 4242 ῠυοιε
753 4207 869 4245 numeros
887 4193 945 4244 vide
962 4195 985 4244 in
1006 4197 1055 4245 not.
1073 4195 1105 4244 οδ
1124 4210 1177 4261 cap.
1196 4203 1232 4246 ιι.
1253 4197 1263 4259 ΙΙ
1279 4199 1363 4256 -τήν
1380 4196 1507 4260 στρατιὰν]
1526 4211 1560 4246 ιιι.
1577 4204 1600 4253 2,
1617 4199 1658 4245 τὸν

69 4274 158 4333 στρατὸν
179 4284 213 4323 ιιι.
235 4278 256 4321 ι.
275 4271 286 4334 u
302 4269 363 4332 —§
385 4275 407 4318 2.
426 4270 478 4326 ἒεὴ
498 4266 559 4316 tut&
582 4263 647 4327 σεο]
666 4262 744 4313 Aliter
766 4278 819 4315 rem
838 4268 923 4314 narrat
941 4267 1032 4315 Ducas.
1052 4267 1105 4318 Sec.
1129 4267 1195 4319 hunc
1213 4268 1379 4319 Mechemetes
1396 4267 1422 4317 in
1439 4266 1546 4318 insulam
1562 4269 1660 4332 trajecit

69 4347 120 4394 σιτία
131 4340 403 4407 οπρθαωοθεῖιλίοιισιιι.
419 4339 529 4403 Περάσας
544 4335 600 4396 οὖν,
615 4334 707 4397 lnquit,
725 4335 738 4382 δ
750 4336 857 4398 τύραννος
869 4336 916 4384 ἀπὸ
930 4341 971 4384 τοῦ
991 4336 1159 4399 Ἅγιασματίου
1173 4339 1213 4387 καὶ
1229 4339 1331 4395 ζητήσας
1344 4337 1386 4397 τὴν
1401 4336 1469 4387 πόλιν
1481 4336 1525 4387 σὺν
1540 4342 1569 4399 τῇ
1584 4338 1661 4399 νήσῳ,

71 4414 203 4479 ἁπεκρίνατο
218 4415 233 4462 θ
247 4411 504 4467 Νικύλ.οιος·ούκέστι
526 4408 623 4457 δυνατὸν
641 4407 784 4467 παραδοῦναι
803 4406 844 4463 τήν
864 4405 930 4454 πόλιν
945 4406 985 4453 καὶ
1004 4406 1045 4464 τήν
1068 4413 1155 4468 νῆσον,
1175 4408 1195 4455 εὶ
1214 4408 1246 4467 μή
1260 4411 1352 4469 πρῶτον
1370 4405 1436 4455 αὐτοὶ
1455 4408 1576 4467 πολεμικῷ
1595 4406 1661 4468 νόμῳ

69 4485 237 4542 σταθήσονται.
253 4503 266 4526 ν
281 4481 343 4532 Τότε
355 4482 424 4529 πάλιν
435 4482 477 4537 τήν
488 4478 586 4543 περαίαν
599 4475 680 4530 διαθας
694 4477 707 4521 θ
727 4476 836 4537 τύραννος
848 4478 925 4534 ἀφῆκε
935 4476 975 4524 τδν
989 4477 1063 4524 αὐτοῦ
1079 4477 1169 4540 βεζύριν
1182 4476 1303 4539 Μαχμοῖιτ
1316 4481 1359 4524 τοῦ
1371 4477 1501 4536 πολιορκεῖν
1516 4476 1658 4533 Μιτυλήνην.

70 4554 112 4601 ¹²2
125 4555 152 4612 ὅθ
167 4555 207 4610 ῑᾶς
220 4552 373 4615 πετρῦὸὂλθυς
389 4554 474 4606 σκευᾶς
490 4547 584 4607 &ww
596 4546 751 4623 ραθασῑθῖῑς
770 4548 810 4595 καὶ
827 4547 974 4609 πετροδολῶν
985 4549 1012 4597 τὸ
1030 4548 1054 4596 ἐν
1072 4550 1139 4611 μέρος
1151 4548 1192 4605 τὴς
1209 4547 1299 4601 πόλεως
1315 4547 1343 4595 τὸ
1361 4544 1486 4606 λεγόμενον
1505 4545 1662 4595 Μελανούθιον

71 4628 126 4674 ιοτὲ
143 4632 184 4686 τῆς
200 4626 312 4688 ww,
325 4622 412 4686 ὁμοίως
432 4623 473 4670 καὶ
493 4620 518 4677 ἐξ
536 4621 612 4668 ἄλλων
631 4621 707 4679 μερῶν
726 4617 779 4673 τοὺς
795 4622 952 4681 προμαχῶνας
974 4618 1014 4666 καὶ
1037 4618 1137 4681 πύργους
1156 4615 1271 4681 (Reliqua
1284 4615 1309 4664 in
1329 4614 1415 4678 graecis
1433 4613 1546 4674 desunt).
1561 4616 1596 4665 Et
1612 4613 1661 4665 λα-

70 4695 148 4746 tendo
160 4698 192 4748 τὰ
208 4696 314 4747 &nuato
325 4706 379 4757 per
393 4694 466 4743 terra
483 4693 504 4741 u
522 4689 598 4741 meru
614 4686 680 4737 delle
702 4698 777 4737 ιιιιιιυ
799 4690 822 4738 et
838 4689 903 4738 delle
918 4692 1002 4747 lom,
1016 4689 1071 4737 νεεδ
1096 4687 1158 4743 sora
1183 4683 1300 4736 Luchmo
1319 4683 1445 4734 cataenso
1461 4687 1487 4734 et
1501 4698 1550 4733 σου
1564 4698 1619 4734 esso
1632 4689 1660 4736 ιιι

71 4778 120 4815 εονι
171 4772 216 4817 κὶα
227 4767 252 4817 εἰ
267 4767 367 4820 vicario
384 4762 456 4812 della
469 4764 554 4820 terra,
571 4761 591 4810 u
605 4756 679 4822 quali
698 4759 916 4810 ῑιιοοιιιὲαεοιοιιο
937 4758 975 4808 ad
999 4760 1119 4807 tramare
1135 4754 1163 4803 la
1178 4751 1321 4803 traditione
1339 4749 1412 4801 della
1431 4753 1497 4802 αθθθ
1512 4765 1562 4801 con
1581 4755 1660 4804 Mao·

72 4839 118 4886 πει
132 4840 225 4896 Basia,
239 4832 416 4885 ιιιοσῖτσιιθοὶι
436 4835 496 4884 tum
509 4831 528 4882 u
537 4828 605 4880 ῑοελθ
617 4825 667 4891 peu
679 4825 778 4891 debete,
794 4828 814 4879 u
826 4831 901 4894 ριιοὶι
913 4826 1023 4878 λσαεσεε
1033 4825 1071 4876 ad
1083 4821 1274 4883 bombardare,
1289 4821 1450 4872 οοιιιθσθοκσ
1464 4826 1490 4873 ει
1501 4823 1615 4873 scolare.
1626 4829 1661 4876 m

71 4904 129 4957 θσθα
140 4909 287 4971 mamone
304 4904 371 4955 delli
381 4903 562 4955 τααιιευιιιειιιί
575 4898 647 4951 della
664 4899 754 4959 terra,
765 4900 911 4951 tomarono
932 4898 1024 4948 deutra
1040 4897 1069 4946 cn
1085 4894 1112 4944 la
1124 4893 1206 4952 οιίλὰ,
1219 4894 1244 4942 αθ
1262 4891 1454 4941 οοκιιιιεονοιιο
1475 4903 1526 4941 con
1542 4902 1657 4954 persua·

72 4978 137 5029 &⁰³⁸0
147 4978 212 5042 [αλια
222 4977 357 5030 inclinare
368 4975 393 5026 el
405 4977 508 5038 εέςαοισ
522 4973 558 5024 ad
569 4965 726 5029 vaecordia,
738 4968 868 5021 salvando
886 4969 911 5019 lc
923 4971 989 5019 ιαεέσ
1002 4967 1027 5017 οἱ
1039 4964 1166 5016 l’havere.
1188 4964 1222 5013 Et
1233 4965 1287 5011 οοεὶ
1300 4961 1480 5016 concludendo
1491 4962 1661 5015 ικαιιθανοιιο

74 5048 147 5109 ml
157 5050 242 5112 τίσειαν
254 5047 306 5100 alli
320 5048 420 5096 Αειιιαῖὶ
434 5045 443 5107 (
451 5044 468 5096 ἰ.
478 5058 500 5095 α.
514 5035 675 5106 Ἁγιάσματι),
691 5036 717 5086 el
728 5039 793 5103 qual
804 5052 895 5090 οειιιισ.
908 5040 940 5088 El
949 5035 1165 5102 εθςιιιοτΝισοῑοεο
1176 5033 1231 5083 ascl
1253 5032 1319 5096 sora
1334 5034 1457 5083 contum
1473 5032 1494 5082 θ
1502 5035 1659 5098 principali,

77 5118 257 5172 eustochiove
273 5122 302 5169 λιι
316 5130 406 5167 mano.
418 5114 533 5167 simfliter
545 5125 626 5163 rerum
643 5106 730 5162 seriem
744 5111 846 5161 exhibet
863 5108 1085 5172 chaloocondylas.
1103 5103 1147 5167 qui
1161 5115 1259 5153 mumm
1269 5101 1338 5151 urbis
1351 5115 1396 5166 per
1409 5105 1438 5151 27
1451 5100 1506 5153 dies
1527 5105 1659 5158 ιοτιυοιιιῖι

74 5193 206 5250 mmm
216 5203 272 5243 esse
280 5188 366 5240 refert.
385 5186 453 5250 l-§
464 5191 487 5236 6.
498 5180 628 5250 ῥωμαλέον]
637 5180 832 5245 βωμαλαῖονοοθ.
845 5176 856 5242 ΙΙ
866 5203 898 5215 -
908 5179 923 5243 §
932 5182 955 5229 7.
969 5171 1137 5237 Μιτυληναῖοι]
1151 5171 1208 5222 add.
1215 5183 1279 5235 mgo.
1290 5170 1340 5234 ή-
1351 5168 1367 5234 §
1379 5173 1404 5220 θ.
1417 5170 1537 5254 {maye-1
1546 5206 1572 5228 .,.
1581 5176 1661 5233 κατῴ-

77 5257 146 5324 ιισιν]
155 5262 307 5325 ἀπαγαγεῖν..
318 5257 459 5309 Καιοιιίοαι
471 5254 558 5306 codex.
570 5255 692 5304 Fortassis
702 5256 784 5305 tamen
793 5248 886 5304 excidit
898 5250 1004 5300 ἐκέλευσε
1019 5245 1058 5299 νο]
1071 5245 1120 5298 talo
1133 5241 1203 5308 quid.
1213 5242 1264 5308 11-
1272 5241 1487 5306 απανθρατοῑισας]
1497 5255 1562 5308 tngo,
1574 5244 1660 5307 αἰχμα-

182 5352 326 5393 mcum
345 5345 441 5384 ιιιετοιι.
457 5341 537 5382 σαντα.
553 5352 586 5366 ·-
602 5337 655 5375 τοι..
672 5336 698 5373 τ.
1485 5342 1512 5385 10
