3906 6034
214 477 251 535 ti

212 606 331 682 δύμησαν
344 605 374 667 τδ
386 608 507 687 τέμενος,
521 609 566 669 καί
577 611 647 695 λιμῷ
655 613 835 695 διαφθαρέντος
848 622 892 676 τοῦ
903 621 980 679 Παυ-

212 696 315 768 σανίου,
330 696 462 764 ἀνελόντες
475 695 522 768 τῆν
531 699 634 775 στέγην,
645 699 794 768 ἐξείλκυσαν
808 709 851 763 τοῦ
864 711 926 763 ναοῦ
941 706 979 764 ίτι

214 783 357 859 ἐμπνέοντα
372 785 414 843 τὀν
432 785 587 845 Παυσανίαν
610 788 656 846 καί
668 786 812 870 ἐξέρριψαν.
827 791 864 871 (s)
881 792 933 853 Διά
951 794 978 851 δὲ

211 875 289 929 τοῦτο
303 871 391 947 λοιμδς
411 871 504 939 αύτούς
524 876 662 954 κατέσχεν.
684 877 753 935 Θεοῦ
774 877 801 937 δὲ
819 878 977 958 χρήσαντος,

211 959 277 1016 ἐπάν
291 958 462 1028 ἐξιλάσωνται
476 959 536 1028 τούς
549 960 672 1037 δαίμονας
682 968 728 1021 τοῦ
737 965 899 1039 Παυσανίου,
914 966 979 1026 ταύ-

211 1052 307 1106 σασθαι
324 1048 368 1107 τὸν
393 1050 495 1125 λοιμόν,
513 1048 653 1128 ἀνδριάντα
664 1052 735 1132 αὐτῷ
758 1053 918 1131 ἀνέστησαν,
934 1055 979 1113 καὶ

209 1135 343 1196 ἐπαύσατο
352 1140 367 1195 θ
378 1138 477 1214 λοιμός.

250 1223 300 1285 lx.
320 1225 460 1297 Ζητῆστοις
474 1227 501 1285 δὲ
522 1224 601 1297 οὔσης
614 1225 685 1306 παρδ
702 1237 755 1296 τοῖς
771 1227 888 1301 Ἕλλησι
907 1229 979 1298 τίνας

210 1313 249 1371 δεῖ
264 1317 445 1395 προγραφῆναι
458 1316 541 1372 αὐτῶν
557 1315 609 1370 τῶν
630 1317 882 1396 συμμεμαχηκύτων
894 1320 920 1376 ἐν
940 1321 979 1398 τῷ

210 1401 324 1482 Μηδικῷ
346 1401 464 1485 πολέμιρ,
479 1403 579 1483 ἐξεῦρον
595 1409 618 1465 οἱ
638 1405 841 1482 Λακεδαιμόνιοι
854 1405 897 1465 τδν
919 1407 978 1466 δίσ-

209 1510 267 1559 κον,
290 1487 330 1568 ἐφ’
340 1480 371 1547 οδ
384 1492 546 1569 κυκλοτερῶς
566 1495 718 1573 ἐπέγραψαν
731 1493 777 1559 τάς
801 1495 980 1571 ἠγωνισμένοις

210 1575 306 1651 πύλαις,
324 1580 360 1643 ὥς
374 1577 442 1652 μήτε
457 1579 574 1658 πρώτους
583 1605 655 1649 τινας
668 1582 813 1663 γεγράφθαι
828 1583 891 1659 μήθ’
907 1584 980 1643 bart·

211 1687 278 1741 ρους.

247 1757 288 1812 X.
313 1754 515 1830 Λακεδαιμόνιοι
542 1758 578 1829 δέ,
598 1757 688 1830 ἐπειδὴ
704 1758 739 1817 τά
758 1763 805 1817 τοῦ
826 1760 978 1820 Παυσανίου

209 1841 391 1909 ἐπονειδίστως
405 1843 576 1923 ἐκεχωρήκει,
589 1844 649 1913 τούς
663 1847 810 1917 Ἀθηναίους
825 1848 925 1907 ἔπειθον
937 1850 979 1908 λε’·

208 1950 298 2004 γοντες
311 1931 337 1987 ἐν
354 1938 411 1997 ταῖς
433 1931 587 1990 Παυσανίου
600 1937 748 2001 ἐπιστολαῖς
762 1936 883 1995 κοινωνὸν
901 1941 977 2015 εὑρη-

128 2086 136 2104 .
208 2015 281 2074 κέναι
294 2020 340 2086 τῆς
349 2015 487 2094 προδοσίας
497 2019 691 2094 Θεμιστοκλέα.
706 2022 739 2082 Ὁ
753 2022 779 2081 δὲ
794 2024 978 2099 Θεμιστοκλῆς

209 2103 329 2170 δεδοικὼς
338 2103 397 2171 τοῦς
405 2107 627 2183 Λακεδαιμονίους
636 2111 682 2168 aba
689 2108 789 2185 ἔμεινεν
799 2114 825 2170 ίν
835 2108 978 2191 τῷἌργει,

209 2189 277 2249 ἀλλά
286 2193 444 2271 παρεγένετο
455 2197 490 2260 τίς
502 2193 638 2277 Κέρκυραν
648 2199 766 2258 κάκεῖθεν
781 2200 817 2267 είς
827 2200 979 2267 Μολοσσούς

209 2277 407 2359 πρδςἌδμητον
420 2282 601 2360 βασιλεύοντα,
612 2284 697 2345 καίτοι
707 2286 796 2366 ἐχθρὸν
807 2288 878 2368 αύτῷ
889 2287 979 2367 πρύτε·

210 2389 262 2445 ρον.
281 2369 315 2444 (ε)
333 2371 395 2428 Τῶν
409 2369 435 2427 δὲ
457 2371 671 2448 Λακεδαιμονίων
684 2373 901 2452 παραγενομένων
916 2374 979 2453 πρὸς

208 2455 253 2514 τὸν
266 2450 404 2532 Ἄδμητον
414 2455 460 2515 καὶ
472 2456 638 2526 ἐξαιτούντων
654 2461 742 2534 αὐτὸν,
753 2466 770 2534 ἡ
781 2458 845 2539 γυνὴ
857 2466 902 2520 τοῦ
915 2459 977 2521 Ἀδ-

209 2541 295 2617 μῆτου
309 2542 418 2603 ὑπέθετο
439 2546 616 2618 Θεμιστοκλεῖ
630 2548 748 2628 ἁρπάσαι
765 2549 810 2607 τὀν
835 2553 880 2608 τοῦ
900 2553 975 2628 βασι·

209 2630 274 2700 λέως
288 2632 369 2690 παῖδα
382 2633 428 2691 καί
441 2635 650 2705 καθεσθῆναιέπί
665 2640 711 2706 τῆς
725 2635 811 2701 ἑστίας
821 2635 979 2695 ἱκετεύοντα.

210 2719 363 2797 Πράξαντος
383 2721 411 2781 δὲ
426 2725 470 2779 τοῦ
488 2721 707 2800 Θεμιστοκλέους,
724 2722 886 2802 δ”Αδμητος
902 2746 979 2782 κατε-

208 2807 306 2878 λεήσας
320 2808 397 2868 αύτδν
410 2809 458 2867 οὐκ
472 2808 604 2881 ἐξέδωκεν,
619 2812 677 2869 ἀλλ’
689 2811 815 2892 ἀπεκρίθη
828 2820 880 2879 τοῖς
893 2814 980 2872 Πελο-

208 2893 356 2967 ποννησίοις
372 2895 409 2972 μὴ
421 2895 491 2954 δσιον
505 2887 571 2956 εἶναι
585 2899 703 2958 ἐκδοῦναι
723 2899 767 2956 τὸν
779 2899 878 2971 ἱκέτην.
897 2900 930 2979 (a)
944 2898 977 2959 '0

209 2982 236 3041 δέ
250 2984 432 3060 Θεμιστοκλῆς
443 2985 489 3043 οὐκ
509 2986 578 3065 ἔχων
597 2984 661 3045 ὅπου
685 2987 858 3068 ύποστρίψει,
874 2987 918 3047 ἐπί
929 2985 977 3058 τὴν

209 3072 327 3151 Περσίδα
337 3074 419 3133 ἔπλει.
430 3072 608 3134 Ἐκινδύνευσε
621 3075 649 3133 δὲ
661 3076 706 3134 καὶ
718 3080 804 3137 πλέων
818 3077 920 3134 ἁλῶναι
933 3076 978 3133 καὶ

209 3165 425 3241 παραληφθῆναι.
441 3161 527 3230 Νάξον
539 3163 590 3241 γάρ
604 3164 810 3243 πολιορκούντων
821 3167 873 3222 τῶν
887 3163 977 3233 Ἀθη-

208 3249 326 3325 ναίων,ίΙ
341 3254 401 3315 ναῦς
417 3254 463 3307 τοῦ
479 3249 704 3325 Θεμιστοκλέους,
719 3253 848 3328 χειμῶνος
866 3252 980 3326 ἐπιγενο·

210 3336 297 3412 μένου,
315 3335 456 3414 προςῆγετο
469 3341 502 3415 τῇ
517 3336 606 3416 Νάξῳ·
621 3341 635 3396 ὁ
653 3338 680 3395 δὲ
692 3341 877 3415 Θεμιστοκλῆς
892 3339 977 3397 δεδοι-

208 3422 260 3490 κὼς
274 3421 375 3500 μήποτε
391 3425 528 3502 συλληφθῇ
542 3424 595 3482 ὑπὸ
612 3429 664 3484 τῶν
676 3424 834 3498 Ἀθηναίων,
848 3423 977 3496 ῆπειλησε

208 3515 245 3589 τῷ
262 3509 407 3587 κυύερνῆτη
423 3509 574 3590 ἀναιρήσειν
599 3512 688 3584 αὐτὸν,
715 3515 737 3570 εί
752 3512 789 3589 μδ,
806 3512 910 3591 ἀντέχω
924 3513 978 3578 τοῖς

895 485 1130 553 Afflssousnl

1033 637 1093 672 num
1101 623 1286 688 obstruxerunh
1296 626 1385 680 deinde
1396 630 1496 694 jamiam
1505 635 1648 696 pereuntem
1659 634 1724 685 lame
1736 636 1808 685 Pau-

1033 725 1134 787 saniam,
1144 724 1227 777 ablate
1233 730 1332 790 tectos
1343 729 1433 780 sacello
1438 734 1599 783 extraxerunt
1606 734 1632 782 et
1644 732 1809 796 respirantem

1033 831 1282 897 adhucproy'ecerunt.
1293 834 1328 899 (5)
1338 837 1392 886 ilco
1400 841 1564 901 veropropter
1575 838 1669 889 [σεῖσαι
1677 841 1809 903 pestiseoe

1032 934 1130 987 invasit.
1142 937 1214 988 Edita
1229 940 1419 990 autemuraculo
1430 953 1616 993 ccssursmessc
1627 943 1707 1001 luem,
1719 943 1741 992 si
1754 957 1809 993 mn·

1032 1056 1076 1092 nes
1088 1043 1214 1093 Pausanias
1231 1043 1394 1109 placaverint,
1408 1048 1515 1096 statuam
1533 1047 1556 1097 ei
1577 1050 1709 1098 erercmnt
1728 1051 1806 1112 atque

1032 1145 1068 1196 sic
1076 1149 1145 1209 peste
1156 1146 1252 1198 literati
1268 1152 1334 1198 sunt.

1062 1236 1105 1284 rx.
1121 1234 1295 1293 Quserentibus
1316 1237 1409 1288 Grecis
1423 1237 1522 1301 quinam
1533 1253 1620 1289 eorum
1633 1241 1677 1303 qni
1693 1241 1719 1290 in
1741 1240 1808 1292 hello

1032 1322 1129 1372 htedico
1141 1322 1207 1373 secia
1216 1337 1286 1374 arma
1294 1325 1440 1388 iussissent,
1453 1326 1592 1389 primoloco
1604 1327 1751 1378 inscribendi
1762 1342 1806 1379 es·

1032 1414 1095 1470 sent,
1116 1411 1293 1462 Lacedaemunii
1306 1413 1402 1463 discum
1420 1414 1580 1475 invenerunt,
1596 1414 1621 1465 iu
1637 1429 1688 1478 quo
1706 1418 1808 1468 nomina

1032 1498 1169 1561 civitatum,
1183 1514 1241 1563 quae
1251 1505 1336 1552 contra
1344 1504 1430 1553 Persas
1444 1502 1602 1564 dimicarunt,
1618 1505 1642 1554 in
1654 1505 1739 1556 orbem
1752 1506 1807 1558 dis·

1031 1586 1111 1649 posita
1120 1591 1260 1649 exararunt,
1276 1589 1338 1640 adeo
1346 1594 1375 1640 ut
1382 1604 1461 1654 neque
1472 1591 1554 1655 priora
1565 1592 1645 1655 aliqua
1656 1606 1735 1656 neque
1745 1608 1807 1658 pos·

1032 1674 1122 1723 teriora
1135 1675 1252 1738 inscripta
1261 1689 1316 1727 csse
1329 1676 1410 1726 dicere
1422 1677 1514 1727 liceret.

1063 1764 1093 1812 x.
1104 1762 1288 1826 Lacedaemonii,
1302 1777 1378 1827 quum
1390 1778 1431 1815 res
1442 1764 1568 1815 Pausanie
1585 1766 1700 1829 pmbrose
1714 1767 1809 1817 cessis-

1032 1876 1095 1932 sent,
1111 1871 1299 1923 Atheniensibus
1312 1875 1485 1936 persuaserunt
1498 1874 1596 1938 probari
1607 1875 1734 1926 Pausaniae
1753 1877 1808 1940 epi-

1034 1979 1103 2030 stolis
1114 1980 1301 2031 Themistoclem
1315 1980 1457 2043 proditionis
1470 1981 1546 2031 tuisse
1566 1981 1668 2031 socium.
1688 1984 1713 2033 ls
1729 1982 1810 2047 igitur

1032 2091 1121 2141 timeus
1134 2089 1341 2152 lacedaemonios,
1357 2090 1448 2141 relictis
1459 2091 1537 2156 Argis,
1550 2092 1576 2141 iu
1589 2093 1735 2155 corcyram,
1745 2093 1807 2146 iude

1033 2214 1093 2250 rere
1103 2201 1136 2251 ad
1145 2201 1307 2253 Molossorum
1321 2214 1403 2265 regem
1415 2199 1556 2262 Admetum,
1569 2201 1613 2265 qui
1623 2203 1692 2266 prius
1704 2203 1753 2267 ipsi
1763 2204 1809 2253 ini·

1033 2314 1113 2364 micus
1121 2314 1252 2374 luctatos
1266 2312 1377 2364 cuntulit.
1394 2312 1429 2376 (1)
1442 2311 1634 2363 Advenientibus
1647 2311 1736 2363 deiude
1753 2315 1803 2363 La-

1032 2423 1188 2475 cedaemoniis
1197 2423 1239 2486 qui
1252 2423 1441 2473 Themistoclem
1449 2426 1619 2487 exposcerent,
1632 2436 1696 2473 uxor
1705 2423 1807 2476 Adrneti

1032 2533 1055 2583 ei
1066 2532 1197 2593 consuluit,
1214 2534 1243 2581 ut
1251 2534 1348 2595 arrepto
1359 2529 1422 2595 regis
1431 2529 1481 2580 sliu
1492 2530 1591 2594 supplex
1605 2530 1631 2579 iu
1644 2531 1700 2580 loco
1719 2531 1803 2580 consi·

1032 2644 1109 2695 deret.
1120 2643 1192 2702 Quod
1203 2655 1280 2706 quum
1291 2641 1390 2693 lecisset
1399 2641 1585 2700 Tliemistucles,
1597 2638 1717 2689 Admetus
1725 2638 1804 2689 mise·

1031 2753 1137 2803 ricordia
1151 2754 1232 2802 motus
1249 2751 1382 2815 supplicem
1395 2765 1444 2801 non
1454 2749 1565 2810 tradidit,
1578 2748 1623 2799 sed
1635 2748 1702 2799 netas
1714 2747 1741 2798 id
1754 2749 1807 2799 tore

1032 2863 1212 2929 Peloponnesiis
1224 2861 1355 2926 respoudit.
1369 2861 1403 2921 (3)
1417 2862 1480 2910 Tum
1499 2857 1677 2909 Themistocles
1694 2871 1744 2907 non
1761 2858 1807 2908 ha·

1033 2975 1094 3026 heus
1105 2988 1154 3037 quo
1169 2987 1196 3023 se
1219 2973 1383 3033 converteret,
1397 2970 1420 3019 in
1433 2968 1542 3019 Persiam
1561 2968 1692 3031 navigavit.
1705 2970 1762 3025 Quo
1780 2967 1806 3017 in

1032 3087 1119 3138 itinere
1137 3084 1272 3150 periculum
1286 3085 1339 3133 erat
1351 3095 1381 3132 ue
1393 3079 1653 3145 comprehenderetur;
1670 3092 1726 3128 uam
1743 3078 1807 3129 sub·

1032 3202 1087 3249 orta
1098 3198 1243 3262 tempestato
1255 3194 1324 3244 naris
1333 3190 1504 3243 Themistoclis
1514 3190 1546 3240 ad
1556 3193 1653 3240 Naxum
1668 3188 1750 3238 delata
1764 3191 1806 3238 cet

1031 3322 1081 3371 quo
1093 3311 1202 3370 tempore
1213 3303 1374 3354 Athenienses
1382 3300 1485 3351 insulam
1497 3298 1649 3349 obsidebant.
1663 3296 1806 3348 Themisto·

1031 3416 1081 3465 clcs
1094 3418 1208 3464 metuens
1221 3425 1252 3461 ue
1263 3412 1288 3461 in
1302 3422 1389 3459 manus
1401 3405 1585 3458 Atheniensium
1597 3402 1724 3465 incideret,
1736 3415 1808 3454 mer·

1030 3525 1080 3574 tem
1089 3519 1246 3585 gubernatori
1256 3517 1363 3567 minatus
1375 3517 1423 3574 cst,
1434 3513 1480 3563 uisi
1496 3511 1576 3562 uanus
1587 3511 1722 3562 resisteret.
1735 3513 1808 3561 hletu

214 3648 1801 3677 Μ

208 3750 379 3816 philosophum
396 3751 464 3801 illum
478 3753 635 3815 Cyrenaeum,
649 3754 769 3817 ,tritipatri
784 3752 913 3816 Aristippei
926 3751 1088 3815 discipulum,
1104 3751 1174 3814 cujus
1184 3746 1295 3798 meminit
1309 3745 1431 3809 Diogenes
1443 3746 1523 3827 laert.
1536 3748 1565 3828 1,ι
1572 3745 1595 3800 8,
1608 3743 1632 3789 7.
1645 3741 1670 3824 is
1681 3741 1808 3828 praecepta

208 3820 375 3885 philosophica
389 3820 498 3872 historica
509 3822 625 3887 exemplis
637 3822 796 3887 probauerit]⁸
816 3823 892 3873 Aliter
903 3821 1057 3884 Thucydides
1070 3822 1088 3871 l.
1104 3820 1121 3869 l.
1136 3837 1142 3869 ε
1163 3821 1209 3869 Καὶ
1226 3818 1296 3868 αὐτὸν
1305 3817 1433 3880 ἐμέλλησαν
1449 3817 1491 3877 μὲν
1506 3830 1528 3869 ts
1543 3829 1582 3862 τον
1599 3811 1719 3871 Καῑαδᾱνν
1732 3826 1808 3873 mc

207 3893 259 3948 τοὺς
276 3894 435 3956 κακούργους,
459 3892 587 3954 ίμθάλλειν·
609 3894 689 3943 ἔπειτα
706 3896 767 3951 ἔδοξε
790 3894 888 3951 πλησίω
897 3909 943 3943 που
954 3896 1086 3957 κατορύξαι.
1686 3948 1692 3961 γ

239 3964 254 4026 §
275 3969 298 4013 5.
312 3963 410 4028 Αοιμδς]
431 3964 527 4013 Pestem
548 3966 638 4027 preater
653 3964 834 4015 Aristodemum
848 3977 912 4013 unus
927 3962 1014 4014 Suidas
1027 3964 1044 4013 l.
1058 3964 1076 4014 l.
1096 3960 1224 4021 memorat,
1239 3958 1282 4021 qul
1301 3971 1331 4008 co
1348 3969 1446 4020 quoquc
1466 3968 1523 4004 cum
1538 3953 1627 4003 Nostw
1647 3950 1714 4009 stell,
1737 3948 1808 4012 quod

208 4048 283 4084 uumn
311 4036 437 4085 Pausauim
459 4036 575 4096 statuam,
598 4049 646 4085 non
664 4050 723 4086 veru
740 4036 812 4097 duas,
828 4038 856 4085 ut
878 4034 954 4085 ceteri
968 4034 1083 4098 produnt,
1098 4035 1191 4084 erectas
1205 4042 1259 4080 esse
1278 4027 1346 4078 dicit.
1363 4057 1394 4069 -
1415 4029 1467 4075 θεοῦ
1484 4020 1630 4088 χρήσαντος]
1647 4018 1806 4080 Thucydides
1905 4088 1912 4103 α

210 4106 323 4165 hichie
340 4106 354 4152 d
368 4105 393 4153 δέ
406 4106 456 4160 θεὸς
474 4105 524 4152 ab
542 4107 637 4169 Δελφοῖς
652 4108 692 4156 τόν
708 4122 732 4155 τε
747 4107 817 4168 τάφον
829 4106 924 4167 ὕστερον
935 4105 1020 4168 ἐγρησε
1033 4109 1080 4161 τοῖς
1099 4098 1291 4161 Λακεδαιμονίοις
1310 4103 1451 4163 μετενεγκεῖν
1466 4094 1539 4181 φύπερ
1548 4093 1700 4178 daibertum...
1718 4090 1760 4172 καὶ
1774 4092 1807 4144 ὣς

208 4175 264 4236 ἀγος
280 4174 358 4230 αὺτοῖς
375 4175 402 4223 δν
421 4176 448 4224 τὸ
462 4177 624 4238 πεπραγμένον
644 4176 685 4224 δύο
701 4178 801 4239 σώματα
818 4175 866 4224 ἀνθ’
881 4177 930 4231 tva:
947 4181 976 4238 τῇ
990 4175 1126 4238 Χαλκιοίκῳ
1144 4174 1278 4222 ἀποδοῦναι.
1300 4172 1330 4218 ot
1347 4169 1371 4217 si
1386 4183 1540 4228 ποιησαμινοι
1551 4167 1653 4227 selaeu:
1667 4161 1806 4241 θνξρῑαντας

207 4245 249 4294 δύο
263 4246 295 4299 ὡς
308 4244 359 4292 ἀντὶ
377 4247 512 4295 Παυσανίου
531 4245 648 4295 ἀνέθεσαν.
665 4247 702 4295 Cf.
720 4246 820 4295 Diodor.
845 4251 947 4305 tt,t5,9.
965 4244 1098 4296 Pausanias
1113 4248 1178 4307 api,
1193 4247 1216 4293 7.
1241 4240 1311 4303 Apud
1327 4238 1452 4289 Plutarch.
1467 4240 1505 4287 De
1523 4249 1577 4286 scra
1592 4246 1660 4283 num.
1683 4228 1752 4279 Vffld-
1766 4233 1805 4292 ¹7·

208 4329 232 4378 ρ.
243 4318 338 4375 hiblo,
349 4313 389 4363 etl.
400 4313 481 4365 uidet.
492 4314 580 4378 legitur
593 4330 599 4363 :
616 4317 767 4379 Σπαρτιάταις
774 4318 872 4381 χρησθὲν
882 4317 1005 4367 ἱλάσασθαι
1018 4319 1060 4376 τὴν
1074 4315 1209 4367 Παυσανίου
1224 4313 1315 4376 ψυχήν,
1330 4311 1354 4367 ἐξ
1368 4309 1466 4367 Ἰταλίας
1481 4304 1711 4391 μιτμπεμφθίνταὶῦί
1721 4303 1805 4364 *luit*

208 4387 283 4448 γωγοὶ
298 4386 339 4434 καὶ
352 4384 460 4442 θύσαντες
474 4386 641 4436 ἀπεσπάσαντο
655 4391 697 4435 τοῦ
709 4390 771 4449 ίεροῖι
783 4390 809 4437 sd
818 4388 921 4437 είδωλον.
937 4391 966 4438 ln
977 4387 1068 4450 quibus
1086 4392 1130 4450 pto
1143 4388 1165 4443 it
1182 4384 1295 4445 Ἰταλίας,
1309 4380 1376 4445 quod
1387 4382 1442 4462 jure
1455 4390 1560 4439 mireris,
1578 4372 1736 4427 scribendum
1746 4384 1805 4421 0⁸⁸0

209 4467 296 4505 censeo
310 4455 338 4504 ts
350 4455 473 4515 Φιγαλίας.
485 4455 605 4504 Nimimm
620 4456 797 4507 moedaemouii
809 4459 919 4509 secenum
928 4458 995 4523 quud
1011 4459 1062 4522 ipse
1071 4457 1146 4507 etiam
1154 4454 1296 4516 Pausanias,
1306 4456 1335 4502 ut
1346 4451 1471 4502 cleonices
1481 4446 1683 4533 manesjplacaret
1690 4441 1806 4503 ,iecerat

208 4539 257 4575 sec.
272 4524 416 4575 Pausaniam
434 4530 458 4589 3,
473 4528 511 4588 17,
522 4529 546 4587 9,
562 4525 604 4576 ubi
620 4527 743 4589 protectus
754 4540 808 4578 esse
820 4529 910 4579 dicitur
925 4531 947 4587 ἐς
963 4529 1090 4591 Φιγάλειαν
1102 4530 1144 4586 τὴν
1158 4525 1270 4589 Ἀρκάδων
1283 4524 1347 4586 παρὰ
1360 4523 1413 4579 τοὺς
1433 4524 1606 4604 ψυχαγωγούς..
1617 4586 1624 4603 .
1739 4584 1745 4597 ,

238 4597 279 4645 llt.
292 4598 352 4646 Haec
365 4595 428 4646 alius
438 4609 510 4646 nemu
526 4595 635 4645 tradidit.
652 4597 692 4647 Gt.
708 4611 763 4660 quse
777 4597 808 4647 de
818 4600 893 4663 lphlti
907 4599 976 4650 disce
991 4598 1118 4662 Olympico
1132 4596 1208 4647 hahet
1223 4593 1355 4644 Pausanias
1373 4600 1396 4653 5,
1412 4596 1465 4651 20‚t
1483 4607 1489 4638 ι
1504 4585 1704 4673 deloco-lutros
1722 4584 1807 4669 δφσκος

207 4665 248 4723 τλν
260 4666 397 4729 ἐκεχειρίαν,
409 4666 462 4716 καθ’
471 4668 500 4725 ἢν
517 4667 553 4716 ἐπὶ
566 4671 612 4723 τοῖς
623 4667 759 4731 Ὀλυμπίοις
769 4668 947 4730 ίπαγγελλουσιν
958 4673 980 4719 ot
997 4667 1095 4730 Ἠλεῖοι,
1106 4667 1192 4725 ταύτην
1208 4667 1252 4716 ούκ
1264 4666 1287 4721 h
1299 4665 1353 4714 εύθύ
1366 4664 1415 4727 ἔχει
1428 4675 1596 4724 γεγραμμένην,
1609 4657 1666 4705 till&
1678 4655 1702 4712 t<
1714 4655 1806 4735 itt-'⁸2⁰²’

211 4742 293 4799 σχῆμα
303 4737 461 4801 repleremini
477 4742 512 4801 τῷ
525 4737 600 4798 δίσκῳ
617 4739 647 4788 τά
658 4740 791 4802 γράμματα.
805 4740 845 4789 Cf.
861 4739 1002 4804 Phlegontis
1013 4737 1150 4802 Olympios.
1165 4738 1191 4787 in
1201 4739 1240 4786 Fr.
1251 4734 1316 4785 illst.
1330 4739 1353 4793 3,
1363 4747 1388 4796 p.
1403 4732 1583 4810 608.Πο11111111
1596 4738 1694 4808 quoquc
1706 4723 1806 4774 dlssfflm

209 4806 233 4854 in
253 4820 311 4869 quo,
329 4808 404 4858 sicuti
417 4808 441 4857 in
456 4807 552 4873 tripode
566 4809 696 4874 Delphico,
709 4811 806 4860 nomina
817 4810 947 4861 ciuitatum
962 4822 1020 4874 qum
1032 4809 1098 4860 socia
1109 4811 1193 4857 contra
1213 4809 1300 4856 Persas
1313 4817 1381 4854 arms
1390 4801 1534 4867 junxerant,
1548 4798 1664 4860 mscrrpta
1684 4795 1805 4857 lethem·

208 4879 258 4933 tur,
279 4878 398 4942 Olympias
415 4878 555 4929 dedicatum
571 4892 625 4929 esse
638 4884 697 4943 putu
707 4881 772 4930 ludis
784 4881 934 4945 olympiadis
946 4883 985 4942 7ο,
1001 4879 1144 4943 queprima
1161 4878 1208 4927 tuit
1219 4872 1398 4941 postproelium
1408 4872 1550 4921 Plateeuse.
1561 4870 1623 4925 Qus
1644 4862 1804 4928 procedunt,
1899 4909 1911 4918 .

209 4945 392 5010 Aristodemus,
417 4948 489 4999 sicuti
519 4948 649 5011 Diadume,
661 4950 706 5000 sub
722 4950 819 5014 Olymp.
836 4955 875 5011 75,
887 4954 902 5000 l
914 4949 1029 5000 narmsit.
1046 4948 1136 4999 lisdem
1149 4947 1215 4997 ludis
1227 4943 1403 4996 Themistocles
1414 4942 1500 5022 utpote
1514 4940 1616 4989 Gemmas
1628 4935 1748 4985 liberator
1763 4946 1805 5013 ιιι-

209 5015 276 5079 genti
292 5017 379 5079 plausu
396 5022 511 5083 exceptus
522 5031 577 5069 esse
590 5024 750 5084 narraturap.
766 5020 889 5070 Plutarch.
907 5018 1026 5069 Themist.
1047 5022 1083 5080 17,
1102 5022 1126 5075 t,
1138 5019 1242 5065 Pausau.
1261 5020 1285 5075 8,
1293 5020 1332 5075 sti,
1346 5017 1371 5074 ³,
1385 5011 1472 5062 AElrun.
1487 5012 1517 5059 V.
1532 5010 1563 5057 ll.
1581 5012 1617 5069 1³,
1627 5010 1667 5067 43,
1681 5003 1803 5053 Themil-

209 5084 281 5148 epist.
306 5092 343 5147 11,
358 5092 395 5138 17.
415 5089 584 5140 Aristodemus
600 5088 655 5139 hec
666 5102 764 5139 namare
777 5102 824 5139 non
837 5089 924 5152 potuit.

240 5157 271 5203 Χ.
282 5154 297 5218 §
308 5162 328 5204 1.
339 5158 434 5223 Καίτοι]
445 5161 485 5209 καὶ
495 5159 551 5210 cod.
563 5161 620 5209 eost
635 5160 719 5223 ίχδρδν
734 5159 853 5210 exciderit
868 5162 933 5209 ὄντα.
1679 5222 1692 5234 .

240 5226 296 5291 §A
319 5229 524 5294 Πολιορνιούντων]
544 5233 708 5293 πολεμούντων
726 5228 812 5279 codex.
836 5229 873 5280 ct.
902 5242 976 5292 snpra
999 5241 1021 5278 c.
1038 5232 1054 5278 1
1073 5228 1088 5292 §
1108 5233 1129 5278 1.
1149 5223 1259 5288 Thucyd.
1276 5228 1298 5283 t,
1315 5225 1399 5305 ¹³⁷’,²
1418 5242 1424 5272 ι
1444 5219 1596 5298 καταφέρεται
1618 5235 1716 5298 yepes
1737 5220 1806 5275 ίςτδ

219 5298 339 5359 salerni
360 5301 523 5363 πραότατα,
538 5301 552 5350 ι
567 5302 696 5366 aaronem
709 5300 793 5357 uas-2.
810 5300 821 5363 γ
835 5327 866 5336 -
879 5304 909 5363 sy
928 5296 1006 5363 ιιεεῳ]
1021 5297 1104 5348 mmm
1118 5302 1148 5360 vy
1165 5297 1239 5357 νήσῳ.
1256 5293 1267 5358 y
1282 5322 1309 5331 -
1325 5293 1435 5351 οτιυασι
1451 5288 1516 5353 etc]
1531 5288 1608 5338 ulter
1622 5285 1654 5337 ca
1668 5286 1707 5337 us
1722 5295 1806 5340 namt
