3842 6036
367 442 612 507 MEGHEMETIS
635 442 764 506 abhus
785 443 824 505 Χ.
846 445 926 506 6968
940 441 1126 523 (leobrico
1147 443 1181 505 P.
1203 443 1263 524 d).
1564 451 1617 512 131

3 630 4 651 ,
35 580 115 640 ττετιῖ
125 577 151 638 δί
164 577 211 638 καί
226 576 304 644 αἰετός
317 583 373 645 ταῖς
386 576 549 655 οἰκοδομίαις
561 576 618 641 ταῖς
629 577 734 644 ἑαυτοῦ,
744 581 789 637 τοῦ
845 597 932 656 σφισιν
943 575 1014 639 ὄντες
1026 579 1078 635 τῶν
1090 577 1117 634 ἕν
1126 574 1198 635 πέλει
1212 575 1256 635 καί
1271 573 1355 656 ἀρχάς
1364 574 1468 658 ἔχοντες
1480 575 1527 638 καί
1541 602 1623 657 προσ-

3 734 4 739 ,
36 665 131 746 τινεά,
144 666 231 749 φημὶ,
246 663 293 725 καὶ
307 667 358 723 τῶν
371 663 531 744 βασιλείων,
546 665 677 743 ἐπιμελῶς
694 662 791 743 ξυγκο-
845 663 918 731 όδους
936 663 1056 742 μεγάλας
1077 663 1123 722 καλ
1145 661 1247 723 πόλεων
1278 662 1323 722 καί
1357 665 1487 745 φρουρίων
1513 668 1623 727 ἰπιστα-

37 752 270 837 μιῆεεσπυυδσίφ
284 752 402 828 οθμόνον
412 755 465 811 τῶν
480 750 631 830 ἀναγκαίων
645 749 716 819 ἰςτά
726 749 792 831 ἔργα
848 756 950 818 τοῦντες
974 755 1004 811 ού
1026 749 1204 831 καρπούμενοι
1222 751 1338 828 τούτοις,
1357 752 1417 811 ἀλλ’
1436 753 1577 834 ἀπληστία,
1593 778 1623 814 τε

3 832 5 923 ἰ
36 841 176 921 biberim
191 840 224 912 δὴ
240 841 286 900 καί
298 843 349 899 τῶν
363 842 429 918 ἄγαν
439 839 582 920 φιλοτίμων
595 840 641 899 καὶ
651 841 792 921 περιττῶν,
846 839 954 920 γνώμης
967 838 1011 898 καλ
1031 838 1163 920 μοχθηρίᾳ
1179 838 1283 919 τρόπων
1304 838 1345 899 ἀεὶ
1360 844 1406 899 τοῦ
1421 839 1537 908 πλείονος
1551 842 1623 923 ἐφιέ-

36 932 73 990 καί
84 929 241 1007 μετακλήσει
254 928 420 1007 πανταχόθεν
440 930 565 1007 τεχνιτῶν
586 931 638 987 τῶν
660 927 791 1008 ἀρίστων,
848 950 920 1004 μενοι
948 928 995 987 καί
1017 926 1148 1011 νεωτέρων
1172 929 1371 1005 ἐπιθυμοῦντες,
1389 929 1570 998 στασιάζοντίς
1592 953 1622 990 τε

3 1090 4 1093 ¹
35 1021 215 1095 οἰκοδόμιεετε,
230 1016 308 1097 φημί,
321 1018 367 1076 καί
382 1014 505 1085 λιθοξόων
523 1015 569 1077 καί
589 1015 734 1096 ξυλουργίαν
748 1015 795 1076 καὶ
848 1007 916 1088 ἦσαν
936 1018 963 1075 ἰν
983 1015 1106 1086 ἀλλήλοις
1126 1014 1200 1074 αὐτοὶ
1224 1016 1270 1074 καλ
1286 1017 1461 1092 πολεμοῦντες
1475 1015 1521 1075 καὶ
1534 1018 1622 1077 πάντα

3 1160 5 1193 γ
36 1112 79 1169 οὖν
93 1106 170 1178 ἀλλην
184 1110 304 1178 ἡντινοῦν
314 1104 504 1171 ίςτάτοιαῦτα
523 1104 638 1184 ἰχόντων
656 1104 794 1183 ἐμπειρίαν
849 1106 925 1164 τάκεῖ
962 1102 1109 1184 ξυγχύσεώς
1136 1125 1166 1161 τε
1195 1102 1240 1162 καί
1274 1107 1394 1184 ταραχῆς
1424 1106 1622 1184 ἐμπιπλῶντες,

3 1216 5 1277 γ
35 1195 187 1273 κελτίχνην·
200 1192 264 1273 ίργα
283 1215 314 1253 τε
334 1191 387 1272 γάρ
409 1190 441 1262 δὴ
463 1191 569 1269 μεγάλα
590 1194 795 1260 κατεσκευάζετο
849 1191 909 1261 τούς
928 1216 958 1252 τε
973 1192 1100 1258 δεσπότας
1116 1188 1266 1270 ξυνίκρουόν
1287 1212 1316 1248 τε
1339 1191 1384 1249 καλ
1400 1189 1558 1257 ξυνίύαλλον
1573 1194 1622 1252 ἀλ·

3 1280 4 1313 ³
36 1281 78 1341 κεί
97 1279 222 1349 ἀξιοθίετε
240 1279 288 1339 καί
311 1280 355 1338 δεδι
370 1278 475 1338 πάντων
488 1281 542 1347 τοῖς
559 1278 694 1359 μεγίστοις
707 1301 736 1338 τε
750 1279 795 1338 καί
850 1280 941 1353 λήλοις
955 1282 1001 1340 καὶ
1033 1279 1231 1360 ξυνετάραττσν,
1245 1279 1279 1339 τό
1301 1277 1349 1353 μὲν
1363 1283 1455 1360 πρῶτα
1472 1281 1518 1341 καί
1540 1281 1624 1362 λάθρα

38 1368 173 1436 καλλίστοις
184 1372 231 1429 τῶν
246 1369 369 1428 παλαιῶν
386 1366 578 1445 ἀμιλλόνμενει,
595 1367 641 1428 καί
661 1366 706 1427 διά
719 1372 795 1427 τοῦτο
847 1369 949 1436 τούτοις
968 1368 1175 1449 προσερχόμενοι
1192 1368 1238 1426 καί
1260 1368 1442 1447 διαλεγόμενοι
1455 1369 1531 1449 παρὰ
1546 1371 1624 1450 μέρος

36 1457 128 1529 πολλῆς
140 1458 216 1518 licito
232 1462 280 1528 τῆς
298 1456 454 1523 ἰτιστασίας
477 1479 507 1516 τε
526 1456 571 1516 καί
596 1456 729 1545 φροντίδος
748 1456 794 1515 καὶ
849 1456 964 1537 ίκατίρῳ
974 1454 1132 1523 καὶῶςεινα
1141 1458 1193 1514 τῶν
1207 1453 1362 1534 ἀπορρήτων
1375 1457 1451 1529 δῆθεν
1460 1458 1625 1538 ἐκφαίνοντες

3 1550 5 1635 γ
36 1547 122 1623 χειρῶν
138 1547 181 1605 καί
199 1548 268 1604 θλῶν
289 1545 420 1625 διαφόρων
438 1567 467 1603 τε
485 1545 532 1605 καὶ
545 1547 675 1626 λαμπρῶν
689 1543 734 1603 καλ
748 1545 796 1602 δα·
849 1544 895 1604 καὶ
905 1545 991 1623 λόγοις
1004 1544 1109 1625 ψευδίσι
1122 1542 1311 1611 καλδιαύολαῖς
1324 1544 1385 1602 κατ’
1394 1546 1516 1617 ἀλλήλων
1530 1545 1624 1616 αὐτούς

3 1646 5 1715 l
36 1633 111 1705 σάνης
130 1633 174 1692 καὶ
195 1633 381 1710 ἀναλωμάτων
400 1635 436 1700 ὡς
459 1632 590 1695 πλείστων
611 1634 702 1693 τεκαὶ
718 1632 796 1709 μεγί-
851 1636 1004 1711 ἐρεθίζοντες
1013 1631 1305 1708 καὶδπλίζοντες,μετδι
1318 1632 1346 1691 δὲ
1360 1637 1437 1693 τοῦτο
1450 1635 1496 1692 καὶ
1508 1638 1625 1715 φανερῶς

3 1726 5 1745 ²
38 1742 102 1780 στειν.
140 1722 175 1800 (a)
187 1710 255 1803 Εἰχε
269 1720 318 1799 μὲν
330 1712 374 1780 οθν
388 1718 434 1780 καί
444 1719 558 1785 πολλοὺς
569 1721 630 1801 περὶ
643 1726 727 1779 ταῦτα
738 1717 797 1785 τοὺς
851 1725 1083 1802 ἀναισχυντοῦντες
1096 1720 1147 1792 ἤδη
1165 1719 1337 1802 ἀφιστάμενοί
1357 1743 1385 1780 τε
1401 1721 1498 1782 τούτων
1513 1720 1559 1783 καί
1574 1725 1624 1783 αὖ·

3 1822 4 1825 ’
39 1808 194 1887 ἀφεστηκότας
206 1810 254 1868 καί
273 1811 326 1867 τῶν
342 1808 409 1886 ἀγαν
423 1808 572 1867 σπουδαίων
590 1831 618 1867 τε
637 1808 683 1868 καὶ
698 1805 796 1877 ξυνέσει
851 1813 1021 1887 τυμολοῦντες
1042 1810 1087 1890 ἀφ’
1103 1808 1192 1889 ἑτάρου
1215 1808 1279 1888 πρὸς
1302 1809 1406 1888 ἕτερον,
1421 1807 1625 1891 ξυναφεστῶντίς

3 1902 5 1969 i
37 1895 195 1976 ιάἰμπειρία
208 1895 383 1978 διαφερόντων
397 1896 424 1963 ἰς
437 1893 471 1954 τά
484 1900 605 1969 τοιαῦτα,
620 1896 650 1953 οθ
664 1895 727 1971 μὴν,
738 1895 796 1954 ἀλλ’
851 1920 879 1957 τε
889 1898 935 1956 καὶ
946 1897 1034 1963 πόλεις
1043 1896 1089 1955 καὶ
1099 1896 1209 1976 φρούρια
1221 1896 1238 1954 ἀ
1250 1904 1385 1975 κατεῖχον,
1397 1895 1411 1956 δ
1424 1896 1456 1970 δὴ
1467 1896 1513 1957 καί
1523 1898 1625 1975 μᾶλλον

38 1982 81 2041 οἰδ
91 1984 161 2052 αιἰτός
173 2009 204 2060 γε
219 1985 317 2061 ᾖμίλει
329 1987 376 2056 τῆς
398 1983 517 2063 ξυνεχοῦς
534 1982 688 2051 ἐπιστασίας
705 2006 735 2042 τε
752 1983 797 2041 καλ
852 1985 912 2053 τοθς
932 1985 1060 2053 δεσπότας
1077 1988 1137 2043 κατ’
1151 1986 1273 2057 ἀλλήλοιν
1287 1985 1395 2061 ἐξέμηνε
1408 1985 1454 2045 καί
1468 1988 1493 2054 e
1512 1987 1625 2066 φανεράν

37 2071 85 2139 iia<
97 2076 145 2131 τῶν
165 2073 270 2155 ἔργων,
286 2069 430 2155 φιλοτίμως
453 2071 521 2150 ἀγαν
544 2071 651 2131 ἅπαντα
675 2071 796 2151 πράττων
853 2071 948 2154 ἰχθραν
968 2073 1140 2147 κατέστησεν.
1184 2075 1217 2153 (a)
1232 2073 1428 2153 Ἐπειράθησαν
1444 2073 1492 2150 μὲν
1508 2075 1560 2152 γάρ
1579 2075 1626 2135 καί

38 2158 74 2216 καί
91 2161 232 2241 φιλαιάλως
251 2161 354 2221 καὶτὸ
378 2159 609 2239 bobardum.
653 2160 708 2221 Καὶ
722 2163 737 2219 θ
750 2160 799 2239 μὲν
855 2159 925 2230 ἀπαξ
936 2160 982 2219 καὶ
996 2161 1034 2228 δίς
1047 2161 1316 2243 διαπρεσόευσάμενοι
1329 2160 1392 2241 παρ’
1403 2162 1531 2233 ἀλλήλους
1541 2162 1627 2239 λόγως

38 2248 86 2325 τερλ
98 2253 166 2308 ταῦτ’
183 2242 269 2331 εἶχεν.
853 2250 924 2308 λύειν
938 2248 973 2309 τά
987 2248 1099 2330 διάφορα
1108 2248 1154 2308 καί
1165 2248 1204 2326 μὴ
1217 2249 1342 2330 πολέμῳ·
1352 2252 1387 2316 ὡς
1398 2250 1422 2308 δ’
1434 2251 1464 2309 οῦ
1477 2250 1628 2332 προύχώρει

69 2335 161 2398 livill.
184 2337 232 2396 Ἐν
246 2335 336 2416 τούτῳ
350 2337 377 2397 δὲ
395 2339 440 2398 καὶ
456 2337 573 2408 Μικελης
590 2339 604 2395 δ
619 2335 665 2407 τὴν
681 2341 726 2394 τοῦ
740 2338 799 2396 Πα-
852 2337 921 2397 κατθι
934 2344 993 2398 νοῦν
1006 2339 1123 2409 αὐτοῖςῆ
1138 2346 1234 2417 πεῖρα,
1248 2341 1300 2397 τῶν
1310 2337 1436 2417 χειρόνων
1447 2338 1625 2417 κρατούντων,

38 2425 100 2483 λαιοῦ
112 2425 228 2507 Κάστρου
246 2425 413 2503 κελουμίνου
422 2426 541 2505 κατέχων
559 2424 642 2504 άκραν
657 2427 684 2484 ἐν
697 2423 800 2504 Λήμνῳ
853 2425 899 2483 καί
922 2423 1068 2501 tilpino
1082 2424 1232 2497 διελύοντο,
1247 2424 1330 2495 οῦτως
1346 2425 1398 2497 ἤδη
1417 2425 1462 2484 καί
1477 2429 1504 2492 ἐς
1518 2426 1627 2507 φανερὸν

38 2508 116 2583 lurida
137 2513 314 2594 Κρετοθώλῳ
337 2514 383 2573 καί
403 2514 583 2593 παραδίδωσιν
608 2515 678 2590 αὐτῷ
703 2512 751 2582 τήν
771 2535 800 2571 τε
853 2516 1018 2586 κατέστησαν
1034 2514 1167 2590 πολεμον,
1183 2513 1229 2573 καί
1243 2514 1421 2581 καταστάντες
1435 2513 1628 2592 ἰμάχοντοκα-

40 2599 159 2679 ἀκρόπολιν
174 2603 222 2663 καί
244 2604 279 2662 τὸ
303 2600 386 2675 ἀστυ,
400 2602 489 2662 λαθὼν
513 2600 577 2682 παρ’
598 2602 677 2660 αὐτοῦ
700 2605 799 2681 χρυσοῦ
852 2601 995 2680 τακράτος,
1009 2599 1181 2667 ἰσῦάλλοντες
1202 2605 1227 2669 te
1246 2601 1295 2673 τὴν
1314 2601 1437 2671 ἀλλήλοιν
1454 2604 1567 2682 ἰσχυρῶς
1581 2603 1628 2662 καί

42 2690 171 2766 νομίσματα
190 2690 321 2771 χίλια,ἀ
342 2690 496 2760 ξυνεξίτισεν
509 2695 524 2750 ό
539 2692 650 2769 δῆμοςδ
669 2692 722 2749 τῶν
742 2694 801 2760 br,-
853 2690 1057 2769 κατατρέχοντες
1082 2690 1128 2748 καὶ
1154 2690 1303 2767 ληιζόμενοι
1327 2687 1441 2763 ταύτην,
1462 2689 1508 2748 καί
1538 2690 1629 2771 χώρας

40 2780 115 2851 μίαν.
390 2786 398 2795 “
853 2778 1035 2855 ἰμπιπρῶντες
1048 2776 1093 2835 καὶ
1104 2777 1214 2858 φρούρια
1228 2776 1408 2858 χειρούμενοι,
1422 2777 1455 2836 τὰ
1473 2776 1501 2836 δὲ
1515 2779 1561 2837 καί
1574 2801 1627 2838 κα-

69 2866 138 2929 llll.
158 2871 253 2932 Toot'
270 2870 353 2929 αὐτοῦ
363 2871 492 2948 χειμῶνος
505 2869 552 2928 καί
566 2869 590 2926 οἰ
604 2871 652 2938 τῆς
666 2869 800 2928 Πελοπον·
853 2864 1058 2935 τασκείπτοντες,
1074 2866 1118 2922 καὶ
1133 2864 1207 2923 λείαν
1224 2865 1375 2933 ἐλαύνοντες
1389 2865 1629 2946 καίπᾶσιτρόποις

37 2954 102 3025 *θον
120 2957 245 3018 δεσπόται
269 2958 445 3037 διανεχθὲντες
465 2957 509 3017 ἰπὶ
530 2960 606 3036 κακῷ
620 2959 658 3034 τῷ
681 2954 798 3036 σφετέρῳ
854 2952 1043 3034 διαφθείροντες
1054 2952 1084 3012 τὸ
1093 2952 1233 3033 ὁμόφυλον·
1242 2953 1288 3011 καί
1296 2957 1374 3012 τοῦτο
1386 2945 1418 3025 ἦν
1431 2953 1510 3033 μέχρι
1519 2957 1629 3017 πολλοῦ.

38 3042 190 3122 ἰτολάμηεαν
204 3043 336 3115 ἀλλήλοις
349 3046 382 3102 δι’
397 3044 484 3104 αἰτίαν
499 3044 637 3115 τοιαύτην·
649 3046 672 3102 οἱ
684 3044 734 3121 γὰρ
750 3042 801 3102 ὑπό
856 3041 890 3121 (a)
906 3040 982 3123 Μετὰ
996 3040 1024 3100 δὲ
1039 3045 1115 3099 τοῦτο
1135 3042 1188 3099 τῶν
1204 3062 1233 3100 τε
1253 3040 1337 3120 ταύτῃ
1352 3040 1492 3122 Ἰλλυριῶν
1513 3058 1630 3119 μεταπε-

39 3209 125 3263 Marco
133 3216 195 3263 text.
208 3215 264 3278 Ι-
274 3218 301 3263 5.
310 3218 361 3267 ταῖς
374 3211 469 3276 ἑαυτοῦ]
480 3217 531 3267 ταῖς
543 3213 612 3267 αὐτὸς
628 3215 712 3261 ἑαυτοῦ
723 3211 809 3261 codex.
824 3213 918 3260 Vocem
927 3210 995 3266 αὐτὸς
1007 3212 1064 3274 post
1074 3208 1149 3258 verba
1157 3210 1280 3259 incursari
1290 3210 1315 3258 δὲ
1324 3210 1365 3258 καί
1376 3209 1456 3272 posui.
1467 3210 1505 3260 ct.
1516 3210 1554 3274 §o
1563 3209 1628 3260 τᾶλλ’

40 3282 77 3329 *δ’
85 3286 146 3339 αὑτός
158 3302 186 3349 γε
196 3288 282 3349 ἠμέλει
297 3290 339 3342 τῆς
352 3284 499 3340 ἐπιστασίας.
514 3284 526 3347 ΙΙ
539 3309 570 3320 —-
580 3281 673 3348 τέχνην]
681 3282 717 3333 alc
727 3294 824 3346 margo,
836 3287 923 3343 γνῶσιν
936 3283 999 3331 text.

63 3352 113 3402 xlx.
129 3357 166 3404 lle
178 3355 259 3405 altera
273 3353 324 3402 hac
335 3353 362 3403 ia
375 3353 569 3417 Peloponnesum
582 3351 736 3416 expeditione
755 3352 836 3401 obiter
846 3350 943 3399 monuit
958 3352 1041 3399 Duces
1057 3363 1081 3414 p.
1096 3353 1150 3412 340,
1167 3350 1252 3401 multia
1265 3363 1320 3400 eam
1333 3350 1516 3415 persequuntur
1529 3349 1631 3402 Obulco

40 3422 135 3484 oricus
146 3439 169 3488 p.
184 3429 298 3477 testeo
317 3427 379 3489 etp.
396 3426 513 3484 lta-tal,
526 3427 552 3473 et
566 3423 699 3473 Phrantzes
712 3437 737 3487 p.
753 3424 871 3485 388-413,
887 3434 993 3485 quorum
1006 3420 1060 3480 hic,
1072 3421 1173 3472 Thomas
1190 3420 1406 3485 protovestiarius,
1419 3420 1451 3472 de
1472 3420 1632 3485 despotarum

39 3488 138 3555 wie,
147 3495 188 3547 ille
206 3496 240 3546 de
251 3499 392 3546 Tuscorum
413 3495 490 3546 rebus
502 3493 577 3556 gestis
589 3493 689 3544 uberior
701 3494 747 3543 cst.
762 3491 917 3552 critobulus,
931 3492 979 3543 etsi
992 3491 1075 3542 uerbis
1097 3491 1252 3541 cumulandis
1265 3505 1341 3555 quam
1354 3491 1456 3556 siugulis
1468 3492 1543 3543 rebus
1556 3491 1633 3556 gestis

38 3559 133 3617 datum
148 3565 311 3618 εεεειεειαιάἰε
322 3565 448 3625 intentior,
463 3565 670 3617 monumen
688 3564 764 3614 babet
780 3576 837 3626 quo
855 3563 921 3627 apud
933 3567 1029 3614 ceteros
1044 3576 1093 3612 non
1107 3566 1333 3613 commemorantur
1346 3566 1391 3613 ant
1402 3566 1469 3612 certe
1487 3563 1560 3613 aliter
1572 3575 1632 3612 aar·

39 3640 114 3687 mor.
124 3638 250 3700 ejusmodi
264 3639 307 3688 est
319 3637 386 3702 quod
401 3637 542 3688 Demetrius
553 3636 579 3687 lu
592 3635 758 3687 blonembasia
770 3634 895 3684 obsidione
911 3635 1007 3685 cinctus
1021 3644 1075 3684 csse
1086 3634 1136 3698 (19,
1148 3634 1184 3695 3),
1201 3632 1368 3684 blochemrtes
1380 3631 1500 3685 Corintho
1514 3637 1591 3696 Argos
1604 3645 1633 3684 se

40 3707 151 3759 duffio
167 3715 217 3769 (κθ,
228 3712 267 3772 4),
278 3714 372 3759 baanes
391 3708 423 3758 ad
435 3707 583 3758 cariatham
597 3708 622 3758 lu
635 3705 773 3756 custodiam
787 3704 861 3755 datus
878 3706 992 3767 essetab,
1005 3703 1045 3767 3),
1056 3704 1164 3754 Thomas
1176 3704 1324 3754 Mantineam
1342 3704 1433 3768 fugisse
1446 3706 1494 3764 (κθ,
1508 3704 1540 3765 1),
1556 3706 1634 3760 omar

39 3779 148 3840 eman
157 3782 330 3845 Peloponneso
340 3779 446 3829 relictus
458 3792 513 3828 esse
522 3782 571 3841 (14,
583 3777 609 3843 1)
618 3776 785 3841 perhibentur.
795 3774 849 3840 -§
858 3781 879 3826 1.
889 3779 926 3826 De
934 3774 973 3826 his
982 3790 1007 3824 r.
1016 3774 1179 3839 Phraatacsp.
1190 3778 1306 3838 188-394,
1318 3775 1407 3825 collato
1416 3773 1529 3823 Chalcoe.
1542 3777 1630 3837 peto.

3 3866 4 3919 γ
41 3843 106 3897 lure
118 3851 216 3900 bochri
238 3864 283 3901 an.
295 3850 355 3900 obal
370 3849 452 3911 (1458)
461 3847 627 3899 blechemetes
639 3861 654 3898 e
667 3846 833 3909 Peloponneso
843 3845 941 3895 rediens
951 3846 1060 3908 legatum
1078 3844 1192 3905 miserat,
1204 3846 1276 3908 quia
1297 3844 1406 3909 despotis
1419 3844 1532 3908 obsequii
1549 3843 1631 3907 jusju-

3 3948 5 3973 ι
42 3912 125 3967 adua
141 3920 252 3983 erigeret
272 3918 393 3970 etlilium
410 3917 531 3968 Demetrii
547 3917 573 3968 iu
590 3917 776 3967 matrimonium
795 3916 890 3980 remum
908 3918 1028 3980 posceret.
1039 3917 1161 3966 iurarunt
1173 3915 1224 3975 ilti;
1235 3920 1261 3965 at
1278 3916 1359 3979 paullo
1368 3918 1425 3979 post
1436 3916 1503 3979 (lan.
1513 3927 1547 3964 ra.
1561 3915 1631 3976 14511)

3 4042 4 4049 ,
41 3984 140 4051 Mna,
149 3991 287 4057 imtigante
300 3992 396 4040 ιυεκιιε
411 3989 563 4053 Maepham,
572 4003 588 4040 a
597 4002 654 4052 rege
663 3988 768 4048 deiecit,
778 3987 900 4050 simulque
912 3986 1004 4037 bellurn
1016 3986 1112 4050 parauit
1126 3988 1214 4036 contra
1229 3986 1379 4036 Demdrium
1392 3986 1508 4043 bahem,
1519 3984 1563 4047 qui
1574 3986 1632 4035 tum

41 4056 139 4120 lebraria
149 4066 257 4113 Amnem
273 4062 407 4112 btatlueam
420 4061 451 4110 de
465 4060 587 4111 connuhio
599 4060 642 4110 illo
656 4058 763 4110 ineundo
775 4057 807 4107 ad
820 4071 902 4122 regern
916 4057 1025 4107 miserat.
1040 4054 1167 4106 Februarii
1184 4068 1269 4106 mense
1282 4055 1390 4105 Timmas
1403 4069 1434 4105 cx
1447 4052 1552 4105 Arcadia
1567 4054 1631 4105 urhe

43 4127 147 4186 rocam
159 4133 249 4183 Turris
264 4131 398 4196 calabryta
408 4131 498 4196 eripuit
507 4171 513 4195 ,
523 4135 550 4182 et
560 4130 631 4181 tratri
641 4130 729 4182 deinde
740 4129 833 4180 ademit
845 4128 1001 4190 caritcnam,
1012 4131 1129 4179 Sanctum
1140 4130 1285 4194 Georgium,
1296 4128 1458 4190 dordoniam,
1469 4128 1629 4189 (lustritzam,

43 4198 162 4257 limam.
179 4205 354 4264 cataractam,
373 4204 505 4253 Leuctram
519 4206 545 4253 et
557 4202 644 4252 Maium
657 4201 763 4266 regionis
774 4205 871 4265 partem
885 4200 1016 4264 malorem3
1028 4199 1169 4250 Demetrius
1181 4214 1240 4250 vero
1251 4199 1380 4252 leontaria
1395 4203 1422 4250 et
1432 4199 1515 4250 bcoba
1527 4198 1632 4263 aliisque

3 4284 4 4305 ι
41 4264 107 4320 hura
117 4275 210 4338 oppidis
227 4273 306 4340 potiri
315 4273 433 4335 tenurit,
443 4272 486 4323 sed
497 4286 525 4322 re
535 4272 624 4322 intecta
638 4275 750 4337 spartam
760 4270 841 4321 rediit.
851 4273 919 4320 Inter
928 4270 972 4319 hos
982 4270 1104 4321 tumultus
1114 4269 1199 4319 Albani
1213 4269 1375 4335 praedabundi
1383 4283 1427 4333 per
1434 4270 1629 4334 Peloponnesum

3 4340 5 4389 Ξ
38 4334 186 4396 ditescam
198 4345 294 4411 oppida
311 4345 459 4408 oastcdaque
474 4346 643 4407 occuparunt,
657 4356 702 4393 nec
714 4357 762 4392 non
771 4341 844 4393 Turci
854 4354 869 4391 e
881 4340 997 4392 corintho
1007 4343 1034 4391 et
1045 4340 1127 4390 Patris
1138 4343 1297 4391 excurrentes
1309 4339 1390 4390 vicina
1401 4339 1554 4391 infestarunt.
1569 4341 1631 4401 ilex,

40 4406 109 4473 5ωρ
119 4417 170 4465 lura
182 4415 293 4482 θεςειιε,
307 4414 348 4464 bis
360 4415 505 4478 compertis,
518 4416 650 4473 Omarcm,
663 4411 823 4476 Peloponnesi
836 4413 959 4474 satrapam
968 4448 975 4471 ,
985 4424 1059 4474 quem
1071 4409 1251 4460 clandestinum
1261 4410 1349 4459 harum
1360 4409 1490 4460 turbarum
1504 4409 1628 4460 fautorem

38 4488 85 4529 Μ
94 4485 269 4548 notabatur,
282 4499 412 4536 amouere
424 4484 544 4548 removit,
555 4485 628 4547 eique
643 4483 787 4534 achmetem
802 4481 908 4533 suttecit.
923 4481 1001 4532 Simul
1016 4481 1132 4531 collectas
1146 4479 1298 4531 cThessalia
1308 4482 1335 4531 et
1345 4479 1434 4529 AEtolia
1451 4480 1536 4543 copias
1550 4479 1575 4528 in
1588 4481 1632 4528 Pe-

3 4586 4 4619 3
40 4546 178 4612 Ιψωοεειιινι
188 4558 275 4617 misit,
290 4570 348 4618 ouo
366 4557 414 4607 sub
432 4556 539 4606 Chamra
552 4553 615 4605 duce
630 4554 749 4605 Thomam
766 4553 887 4613 aPatris‚
902 4567 976 4617 quam
990 4552 1076 4602 urbem
1089 4552 1128 4602 illc
1140 4549 1284 4610 obsidebat,
1295 4549 1455 4614 repulerunt,
1469 4549 1558 4600 deiude
1571 4561 1632 4598 vero

3 4670 4 4675 ,
41 4616 218 4675 diametrum
233 4625 325 4692 praello
339 4626 451 4675 vicerunt
460 4626 487 4674 et
496 4625 521 4674 in
529 4625 616 4674 urbem
624 4625 745 4675 inclusum
754 4622 880 4674 obsidione
888 4622 1024 4673 cinxerunt.
1035 4623 1092 4671 Mor
1101 4624 1183 4671 omen
1192 4620 1225 4671 ob
1238 4618 1352 4669 morbum
1362 4622 1513 4682 μεαιειιιιιειιι
1524 4619 1631 4669 cbamza

3 4700 5 4751 ἒ
41 4686 172 4747 dodim
190 4696 436 4761 solvitet,captivis
448 4695 575 4746 blachiam
590 4695 704 4746 abductis
717 4696 836 4760 putoque
856 4694 981 4744 exercitus
997 4690 1064 4757 apud
1077 4691 1229 4742 Demetrium
1249 4689 1355 4739 amicum
1377 4688 1477 4750 relicta,
1496 4688 1529 4738 ad
1548 4702 1630 4752 regem

3 4808 4 4819 .
40 4760 112 4813 misi
122 4767 219 4827 petendi
230 4781 310 4818 eausa
324 4766 432 4817 recessit.
443 4766 607 4817 Moclrcmctes
620 4765 734 4830 deinceps
746 4765 792 4815 sub
807 4768 902 4829 lagano
912 4764 975 4815 duce
987 4763 1094 4814 alterum
1106 4762 1244 4812 exercitum
1259 4761 1339 4819 misit,
1353 4773 1403 4823 quo
1414 4757 1537 4819 Thomas,
1549 4760 1631 4815 denno

42 4828 114 4881 ⁹²stss
130 4835 260 4896 obddeaa,
273 4850 302 4887 er
319 4836 411 4887 Achaia
427 4838 520 4900 ejectus
536 4837 561 4886 ia
577 4836 761 4888 meridionalem
774 4835 934 4899 Peloponnesi
946 4835 1070 4899 regionem
1088 4833 1248 4896 compellitur.
1263 4834 1326 4882 Tum
1345 4829 1425 4893 legato
1438 4831 1515 4880 misso
1528 4830 1632 4897 despota

41 4908 112 4958 lm
125 4907 210 4969 petivit
222 4911 251 4959 et
274 4907 405 4972 propositis
425 4921 440 4957 a
461 4920 518 4972 rege
533 4907 716 4959 conditionibus
731 4907 861 4971 acquievit.
876 4910 992 4956 Attamen
1004 4918 1081 4969 quum
1099 4902 1215 4955 termido
1235 4904 1353 4961 stateres,
1370 4900 1414 4963 qui
1432 4914 1463 4950 ex
1475 4901 1554 4964 pactis
1566 4899 1632 4969 illico

42 4968 135 5024 tslrmd
154 4983 239 5041 aaut,
258 4991 309 5028 uon
322 4979 484 5041 solverentur,
493 4978 546 5042 lpse
558 4978 724 5029 blechemctes
745 4990 830 5029 mense
846 4976 904 5027 Maii
917 4991 957 5027 an.
975 4979 1034 5027 14ου
1049 4989 1105 5025 cum
1124 4972 1235 5024 exercitu
1250 4971 1276 5020 iu
1294 4971 1487 5034 Peloponnesum
1505 4970 1633 5036 protectus

39 5040 80 5087 ὅθ
92 5042 103 5105 Ι
116 5070 145 5082 -
156 5045 321 5113 minwerco]
330 5050 367 5098 sic
376 5060 473 5112 margo,
483 5049 614 5113 μαχόμενοι
625 5051 688 5100 text.
701 5050 712 5112 ll
723 5076 755 5087 -
764 5048 841 5099 πάντα
854 5046 932 5113 τάκεῖ]
943 5048 1012 5097 τάκεῖ
1022 5046 1100 5096 πάντα
1109 5058 1184 5109 supra
1195 5042 1323 5106 scriptum.

67 5108 80 5172 5
93 5119 115 5163 ²·
131 5116 395 5181 ἰκτεράοηεαν..,λύειν
404 5120 435 5168 τὰ
444 5117 549 5183 brisaca}
561 5120 659 5169 Fratres
671 5119 816 5170 Castritram
828 5117 973 5169 convenisse
983 5117 1069 5181 ibique
1084 5131 1111 5168 se
1126 5113 1311 5174 reconciliasse,
1321 5112 1367 5164 sed
1382 5124 1441 5163 moa
1458 5114 1568 5162 veterem
1582 5111 1632 5165 dle·

43 5179 136 5259 orrum
148 5185 230 5237 denuo
243 5187 358 5253 εευρίεεε
367 5189 452 5238 aarmt
472 5186 606 5239 Phraotres
616 5202 640 5254 p.
653 5193 708 5239 aot.
723 5190 734 5253 ΙΙ
749 5216 780 5226 -
792 5190 832 5238 καὶ
846 5189 879 5252 μή
893 5187 1000 5253 πολέμῳ]
1019 5187 1056 5237 sic
1074 5200 1108 5236 m.
1123 5191 1148 5247 1,
1160 5186 1199 5234 καὶ
1213 5182 1242 5233 οὐ
1252 5199 1279 5232 α.
1290 5194 1358 5233 maa.
1373 5189 1394 5234 1.
1407 5180 1418 5246 [l
1433 5206 1461 5217 -
1473 5183 1634 5247 gramherret,

43 5251 96 5300 1νᾶ
106 5254 156 5320 κεί)
165 5257 224 5309 athi.
234 5271 301 5321 argo.
314 5258 326 5323 θ
338 5283 369 5294 ·-
381 5259 449 5322 μέχρι
461 5259 557 5322 πολλοῦ]
569 5258 605 5308 sio
616 5272 685 5323 rago,
697 5259 735 5309 tat
744 5260 805 5309 πολὺ
813 5259 877 5308 tert.
891 5257 902 5322 Ι)
913 5283 946 5295 -
953 5255 1081 5320 illepide]
1092 5255 1211 5308 ’λλθανῶν
1234 5265 1334 5316 margo,
1349 5251 1490 5304 distinctius
1504 5264 1575 5315 sane,
1589 5251 1636 5323 aad

43 5316 63 5366 h
73 5334 119 5386 ης.
130 5327 162 5391 (α
171 5334 211 5390 ετ,
224 5330 249 5393 1)
259 5327 346 5379 Albam
354 5328 415 5380 itera
421 5327 558 5393 lllyriorum
570 5330 668 5381 nomiae
680 5328 879 5384 introducuntur.

3 5430 4 5441 ³
1529 5417 1545 5459 ll
