3906 6034
516 373 715 469 onnonon'r
735 408 919 472 nrrsrona
940 410 994 471 an
1016 412 1297 474 nnonnnarnn.
1668 423 1706 483 nn

128 559 147 599 ι.
165 538 295 611 Τοίνυν,
306 529 334 599 ἀν
348 539 460 619 μέγιστε
472 541 653 622 αὐτοκράτωρ,
664 541 750 601 πολλὰ
763 542 883 622 μογήσας

28 670 38 721 ,
102 628 154 700 ήδη,
168 626 231 686 οίιδέ
247 628 307 708 γάρ
325 627 409 694 αὐτὸς
422 630 476 695 ταῖς
488 628 571 709 ἀργοις
585 630 714 704 ἐπίστην,
726 630 774 690 ’ἵνα
789 633 820 704 δή
837 631 882 690 καί

104 714 246 796 τὀἀεριάἐς
260 714 372 775 τούτων
387 716 499 790 εἰδείην,
513 716 571 775 ἀλλ’
585 719 695 798 ἱστορῶν
714 741 742 777 τε
763 718 821 794 άμα
836 720 882 779 καί

108 804 290 881 πυνθανόμενος
309 807 368 862 τῶν
383 803 490 863 εἰδότων
505 803 550 864 καί
566 808 601 872 ῶς
618 808 677 877 ἐνῆν
693 806 807 886 ἀκριόῶς
827 806 882 876 ἐξε-

111 896 200 967 ταξων,
213 891 367 972 ξυντίταχα
384 897 462 951 τοῦτο
473 892 504 951 τδ
516 892 617 972 βιότιίον
632 895 659 952 ἐν
670 893 747 955 πέντε
758 894 882 972 τμήμασι

113 983 214 1059 διελόιν,
238 980 324 1061 ἀρχὴν
351 986 401 1054 τῆς
429 980 577 1063 ξυγγραφῆς
600 981 776 1058 ποιησάμενος
799 981 882 1062 ήνπερ

113 1072 154 1129 καὶ
176 1069 255 1135 αύτὸς
274 1068 392 1141 ἐποιήσω
413 1072 461 1140 τῆς
476 1068 621 1148 βασιλείας,
639 1073 670 1129 ἐκ
689 1076 736 1143 τῆς
752 1070 839 1138 Ἀσίας
854 1074 879 1138 ἐς

114 1157 159 1230 τήν
171 1156 301 1237 Εθρώπην
311 1157 340 1215 τὸ
353 1160 460 1235 πρῶτον
472 1156 578 1231 διαὸάς,
589 1159 768 1234 μεταστάντος
779 1183 820 1219 σοι
832 1166 879 1219 τοῦ

115 1246 221 1325 πατρός.
264 1246 298 1323 (o)
320 1246 450 1326 Περιέχει
465 1244 493 1304 δδ
506 1245 551 1305 τόν
564 1268 592 1305 τε
608 1245 723 1324 πόλεμον
744 1251 795 1306 τῶν
811 1247 882 1308 Ῥω-

116 1334 199 1411 μαίων
210 1333 252 1392 καί
263 1331 312 1404 τήν
324 1336 372 1404 τῆς
390 1334 491 1400 πόλεως
513 1333 625 1407 ἀλωσιν,
640 1333 675 1395 τά
690 1358 719 1394 τε
733 1339 782 1407 τῆς
801 1335 882 1397 Λίνου

114 1422 158 1482 καί
179 1424 229 1480 τῶν
244 1419 395 1482 Φωκαιέων
417 1421 464 1489 καὶ
487 1419 519 1493 δή
540 1421 656 1481 καὶτῶν
675 1423 883 1504 Τριόαλλῶνίις

111 1509 243 1589 ἐπράχθη,
261 1509 310 1569 καί
335 1507 385 1580 τὴν
415 1508 479 1582 ὅλην
505 1508 604 1569 τούτων
627 1509 811 1593 καταστροφήν
836 1512 882 1571 καί

107 1597 235 1670 &minian
249 1598 283 1674 (a)
302 1596 342 1655 ἐτι
358 1597 386 1656 ii
402 1596 452 1668 τήν
466 1599 493 1664 ἐς
504 1597 707 1671 Πελοπόννησον
718 1601 824 1679 πρώτην
836 1600 881 1659 καί

105 1683 226 1764 δευτέραν
250 1682 382 1755 ἐσύολήν,
399 1684 445 1743 καὶ
463 1687 498 1751 ὡς
512 1684 642 1765 ἐχειρώθη
656 1694 731 1746 πᾶσα
745 1685 791 1745 καί
812 1691 839 1745 αἱ
854 1690 881 1748 ἐν

105 1775 170 1851 nior}
188 1771 281 1839 πόλεις
296 1772 342 1831 καὶ
354 1773 388 1831 τά
399 1772 526 1853 φρούρια,
538 1771 584 1832 καί
597 1772 712 1846 κατέστη
727 1775 806 1855 φόρου
821 1779 882 1834 ὁπο-

102 1861 196 1933 τιλής·
220 1862 255 1941 (⁷)
270 1858 381 1940 προσέτι
396 1861 423 1919 δέ
443 1858 477 1920 τά
491 1861 560 1920 κατά
575 1861 700 1934 Σινώπην
713 1862 759 1921 καλ
772 1867 881 1944 Τραπε·

102 1953 211 2023 ξαῖιντιι,
221 1950 313 2016 πόλεις
325 1950 406 2027 λόγου
424 1947 498 2016 ἀξίας
516 1948 561 2007 καί
578 1952 631 2008 τῶν
646 1951 816 2026 ὀνομαστῶν,
835 1950 881 2010 καί

9 2096 11 2125 e
102 2042 140 2105 ὥς
153 2037 349 2120 περτχείρησαν
368 2029 447 2096 αὗται
460 2036 595 2118 ὁμολογία,
608 2039 653 2097 καί
663 2043 766 2111 πᾶσαί,
781 2039 881 2098 τούτων

9 2128 11 2143 “
104 2125 158 2195 stu
173 2128 249 2206 χύτρα
262 2126 328 2205 (καί)
343 2125 473 2198 κατήκοος
486 2124 575 2203 γέγονε
595 2128 633 2207 τῷ
657 2128 775 2206 βασιλεῖ·
792 2128 826 2209 γε)
844 2127 882 2187 ἐτι

102 2236 138 2291 γε
154 2214 209 2291 μήν
226 2212 272 2285 τήν
292 2212 473 2273 ἐπανάστασιν
491 2213 625 2291 Δράκουλι
647 2214 693 2273 καὶ
706 2218 794 2276 Γετῶν
816 2219 882 2275 ἀπο·

103 2300 222 2360 στασίσν
239 2302 283 2359 καί
298 2301 347 2372 τήν
361 2302 387 2368 ἐς
402 2299 452 2372 τὴν
466 2301 552 2360 αιἰτῶν
564 2300 674 2373 ίσὸολήν
689 2308 734 2361 τοῦ
756 2302 884 2382 βασιλέως

103 2392 151 2452 καί
167 2390 357 2471 καταστροφήν
374 2389 421 2449 καί
436 2390 553 2449 δουλείαν
567 2394 658 2471 σφῶν,
670 2389 759 2459 καλῶς
769 2390 882 2465 κατέστη

10 2468 11 2479 ¹
100 2482 192 2562 πόριος
209 2480 310 2540 τούτων
325 2485 340 2538 ὁ
355 2477 453 2546 Ῥάδος
471 2479 543 2559 παρά
557 2485 602 2539 τοῦ
624 2480 767 2559 βασιλέως,
780 2482 883 2539 ἀπελα-

100 2570 190 2637 θίντος
204 2568 342 2646 Δράκουλι
361 2571 407 2626 τοῦ
429 2567 556 2648 ἀδελφοῦ,
570 2568 601 2646 (ι)
618 2567 666 2639 τήν
685 2591 714 2626 τε
730 2568 882 2639 Μιτυλήνης

14 2678 22 2703 ι
100 2657 148 2715 καὶ
160 2656 266 2717 Λέσὸου
279 2655 380 2716 ἀλωσιν
391 2653 491 2728 πάσης,
501 2654 582 2727 νήσου
596 2655 663 2733 μετά
677 2678 706 2736 γε
720 2653 766 2723 τδς
776 2655 883 2735 πρώτας

102 2755 165 2821 μιᾶς
180 2744 213 2816 δή
228 2748 282 2804 τῶν
297 2746 453 2820 ὀνομαστῶν
472 2742 518 2802 καί
539 2744 607 2803 πάνυ
630 2742 768 2823 γνωρίμων
788 2742 833 2802 ίπί
853 2767 882 2802 τε

100 2832 165 2913 δόξη
179 2834 227 2892 καί
241 2835 348 2910 μεγέθει
364 2830 410 2891 καί
424 2832 564 2912 δυναστεία
584 2830 630 2923 καί
649 2831 768 2911 πλούτῳ·
781 2833 828 2909 (ιο)
844 2830 883 2890 ἐτι

102 2921 131 2980 δλ
162 2922 214 2993 τήν
240 2924 268 2989 ἐς
291 2919 439 2995 Δαλμάτας
464 2921 510 2980 καί
534 2921 664 2999 Βάστρους
691 2920 737 2978 καὶ
767 2919 884 2987 Παίονας

102 3010 213 3089 κρόκην
224 3010 272 3070 καλ
286 3007 410 3089 δευτέραν
425 3006 606 3083 ίσύολήν,κα“ι
617 3011 652 3075 ὡς
668 3007 796 3089 ἐχειρώθη
808 3016 883 3068 πθσα

9 3154 10 3159 ,
103 3098 238 3168 ήτούτων
258 3099 306 3158 καὶ
327 3097 512 3181 κατεστράφη,
526 3099 680 3175 πολίσματί
702 3120 732 3156 τε
752 3097 822 3157 ἐάλω
838 3095 884 3155 καὶ

103 3188 217 3269 φρούρια
227 3187 319 3266 ὀλίγου
330 3186 384 3245 δεῖν
396 3185 550 3264 τριακόσια,
561 3185 640 3245 καλοί
651 3183 749 3243 τούτων
758 3184 883 3262 ἡγεμόνες

104 3277 271 3355 ἐλήφθησαν·
286 3274 351 3355 πρὸς
366 3273 395 3333 δί
414 3297 444 3352 γε
462 3274 509 3346 τὴν
527 3272 706 3353 ἐςἸλλυριοδς
720 3271 779 3340 τοὺς
800 3274 827 3331 ἐν
846 3274 884 3351 τῷ

105 3363 189 3445 Ἰονίῳ
201 3365 296 3444 κόλπῳ
313 3361 422 3442 πρώτην
441 3361 487 3420 καί
505 3360 628 3440 δευτέραν
645 3359 757 3431 ἐσύολὴν
777 3361 822 3419 καί
836 3360 884 3431 τήν

938 544 1036 604 τούτων
1051 544 1248 627 καταστροφήν·
1265 544 1309 625 (τε)
1330 546 1375 604 τόν
1397 569 1425 605 τε
1445 553 1575 623 πενταετῆ
1593 552 1708 630 πόλεμον

939 632 1049 692 Ἐνετῶν
1064 631 1110 691 καί
1123 634 1172 703 τήν
1186 632 1284 691 τούτων
1298 633 1405 715 πρώτην
1421 634 1465 693 καλ
1487 637 1607 717 δευτέραν
1625 632 1707 712 ήτταν

938 721 965 779 ἐν
977 719 1173 801 Πελοποννήσῳ
1191 720 1266 800 παρά
1278 724 1330 779 τῶν
1347 726 1504 801 σατραπῶν,
1522 725 1567 783 καὶ
1582 728 1617 793 ὡς
1631 727 1705 788 ἐστό-

938 832 996 887 ρεσε
1003 808 1032 866 τὸ
1040 807 1137 867 τούτων
1148 808 1270 889 φρόνημα
1280 812 1294 866 ὁ
1304 806 1435 888 βασιλεύς·
1444 809 1491 893 (τε)
1498 812 1562 890 πρὸς
1573 812 1599 872 δὲ
1610 814 1708 882 τούτοις

937 895 1074 972 οἰκοδομάς
1088 919 1116 954 τε
1127 895 1252 975 λαμπράς
1266 898 1293 954 ἐν
1305 901 1339 977 τῇ
1353 897 1442 969 πολει,
1460 901 1524 957 νεῶν
1537 922 1566 958 τε
1580 901 1626 960 καί
1640 926 1708 961 νεω-

938 983 999 1060 ρίων
1008 984 1054 1041 καὶ
1064 982 1204 1061 βασιλείων
1211 983 1258 1042 καὶ
1266 985 1367 1064 ἀγορῶν
1377 984 1422 1044 καὶ
1433 990 1516 1046 στοῶν
1527 988 1571 1045 καί
1583 990 1708 1070 λουτρῶν,

936 1072 980 1130 καί
994 1071 1026 1145 δή
1044 1071 1193 1154 τειχισμούς
1213 1097 1243 1131 τε
1264 1073 1311 1131 καλ
1327 1072 1487 1145 ξυνοικήσεις
1509 1078 1638 1158 φρουρίων
1662 1079 1708 1137 καλ

935 1162 1107 1237 πολισμάτων
1127 1161 1196 1221 πάνυ
1217 1161 1356 1241 χρησίμων
1370 1161 1415 1221 καί
1431 1164 1598 1241 ἀναγκαίων,
1609 1169 1661 1225 τῶν
1678 1189 1708 1244 γε

937 1248 1006 1307 κατά
1025 1248 1070 1311 τὸν
1083 1254 1129 1307 τοῦ
1145 1247 1344 1321 Ἑλλησπόντου
1355 1250 1400 1308 καί
1412 1252 1578 1331 Χερρονήσου
1591 1254 1707 1333 πορθμὸν

935 1335 980 1395 καί
995 1335 1039 1395 τὸν
1055 1342 1100 1395 τοῦ
1114 1336 1267 1416 Βοσπόρου,
1279 1338 1325 1397 καὶ
1339 1338 1416 1418 ἐτερα
1431 1340 1479 1397 οὐκ
1493 1340 1569 1418 ὀλίγα
1583 1348 1706 1413 τοιαῦτα,

941 1424 988 1483 καί
1004 1424 1036 1496 δή
1053 1423 1099 1484 καί
1113 1423 1276 1504 δημηγορίας
1289 1428 1341 1484 τῶν
1354 1426 1422 1485 πάνυ
1436 1426 1584 1486 σπουδαίων
1598 1433 1645 1488 τοῦ
1660 1433 1709 1508 βᾶ-

940 1509 1042 1578 σιλίως.
1061 1514 1107 1588 (ιε)
1123 1511 1223 1589 Χρόνου
1238 1511 1267 1570 δέ
1280 1515 1378 1583 πλῆθος
1397 1514 1424 1571 ἐν
1443 1503 1481 1579 οἷς
1503 1518 1586 1572 ταῦτα
1607 1516 1710 1590 ἐγένετο

939 1597 985 1672 ἐτη
1012 1600 1083 1659 ὁπτά
1108 1599 1171 1679 πρὸς
1199 1608 1252 1667 τοῖς
1274 1600 1347 1663 δέκα.
1390 1602 1437 1681 (ιε)
1453 1604 1545 1662 Ταῦτα
1570 1601 1601 1674 δή
1622 1604 1710 1663 πάντα

937 1686 1151 1768 ξυγγραψάμενός
1164 1711 1193 1746 τε
1207 1688 1253 1748 καί
1270 1688 1474 1770 ἀφηγησάμενος
1488 1690 1516 1747 ἐν
1529 1691 1595 1770 τῶδε
1615 1694 1653 1771 τῷ
1667 1695 1709 1771 βι-

937 1775 1021 1855 όλίῳ,
1034 1775 1134 1852 πίμποι
1152 1780 1229 1836 τοῦτο
1243 1800 1277 1854 τη
1294 1777 1418 1858 βασιλικῇ
1437 1802 1484 1838 σου
1498 1779 1639 1859 ἐπιστασία
1663 1778 1710 1839 καί

938 1863 1016 1942 σοφία
1027 1863 1284 1941 δοκιμασθησόμενόν
1294 1887 1321 1923 τε
1332 1864 1580 1944 καὶκριθησόμενον.
1594 1867 1642 1947 (τε)
1653 1865 1710 1927 Κάν

939 1950 987 2025 μέν
1009 1974 1035 2010 τι
1054 1955 1171 2030 γενναῖον
1199 1955 1290 2031 εὑρεθῇ
1313 1956 1377 2030 παρ’
1396 1955 1527 2033 αὖτῇ,τῇ
1550 1979 1579 2013 τε
1602 1955 1710 2035 ἀληθείη

937 2038 1080 2117 ξυμόαῖνον
1102 2041 1213 2099 καὶτῶν
1228 2044 1281 2099 σῶν
1297 2040 1379 2119 ἔργων
1395 2042 1554 2123 ἐφάμιλλον,
1567 2045 1599 2121 τῇ
1614 2064 1642 2101 τε
1659 2047 1710 2122 βα-

939 2131 1027 2208 σιλικῇ
1041 2128 1169 2210 κυρωθείη
1181 2129 1278 2210 ψήφῳ,
1287 2128 1365 2209 χάριν
1379 2152 1407 2188 τε
1422 2129 1618 2207 ὁμολογήσομεν
1632 2133 1671 2210 τῷ
1681 2154 1711 2190 τι

937 2219 988 2296 θεῷ
998 2216 1043 2275 καί
1052 2216 1109 2288 σοί,
1122 2219 1248 2296 βασιλεῦ,
1261 2215 1385 2288 τοιαύτην
1396 2216 1460 2288 θλην
1473 2208 1536 2293 ήμίί
1545 2217 1710 2298 παρασχόντι

937 2307 995 2370 ταῖς
1009 2303 1127 2385 ἀρίσταις
1139 2307 1192 2363 τῶν
1205 2304 1324 2384 πράξεσιν
1334 2306 1369 2371 είς
1380 2303 1501 2374 ἐπίδειξιν
1513 2308 1565 2365 τῶν
1576 2307 1711 2384 ήμετίρων

938 2394 1040 2469 λόγων,
1053 2393 1099 2451 καί
1113 2393 1171 2468 ἅμα
1184 2397 1338 2473 Θαρροῦντες
1350 2392 1414 2470 πρδς
1426 2392 1485 2452 ὅλον
1495 2393 1539 2452 τὸν
1551 2391 1609 2465 ἑξῆς
1620 2396 1710 2473 ἀγῶνα

938 2479 1139 2555 ἀποδυσόμεθα,
1153 2478 1198 2538 καὶ
1220 2480 1288 2557 μετὰ
1309 2489 1394 2560 χαρᾶς
1415 2480 1480 2562 πρὸς
1499 2483 1533 2541 τίι
1553 2482 1634 2541 λοιπά
1657 2486 1710 2543 τῶν

938 2569 1020 2647 ἐργων
1039 2567 1214 2649 χωρήσομιν,
1227 2567 1244 2625 δ
1259 2566 1302 2638 ξὺν
1319 2572 1369 2648 θεῷ
1381 2591 1422 2627 σοι
1435 2568 1612 2649 πεπράξεται,
1626 2569 1713 2630 πυθό-

940 2679 1012 2732 μενοι
1028 2657 1060 2728 δή
1076 2656 1155 2732 μόνον
1167 2656 1212 2715 καὶ
1226 2656 1314 2717 πολλὰ
1325 2660 1377 2715 τῶν
1389 2656 1488 2736 σφόδρα
1503 2658 1649 2734 ἀναγκαίων
1667 2660 1712 2718 καὶ

939 2742 1119 2822 ἀγνοουμένων
1131 2749 1206 2819 ἡμῖν.
1250 2745 1297 2820 (17)
1316 2745 1349 2803 Ei
1363 2741 1391 2800 δί
1405 2748 1519 2823 φανῶσιν
1541 2749 1566 2804 oi
1587 2744 1713 2827 ἡμέτεροι

938 2834 1011 2911 λόγοι
1024 2835 1115 2913 πολλῷ
1129 2837 1247 2892 τῶντῶν
1262 2832 1344 2912 ίργων
1367 2831 1439 2897 ὄντες
1456 2834 1655 2913 καταδεέστεροι
1666 2835 1713 2894 καὶ

939 2922 1003 2999 πρὸς
1026 2918 1057 2978 τὸ
1079 2919 1186 2997 μέγεθος
1209 2919 1307 2978 τούτων
1330 2920 1378 2978 οὐκ
1397 2918 1615 2995 ἐξικνούμενοι,ὁ
1638 2929 1711 2980 πᾶσα

938 2998 1030 3067 παθεῖν
1054 3005 1147 3074 αύτούς
1168 3005 1289 3085 ἀνάγκη,
1312 3005 1343 3065 τό
1367 3028 1396 3064 τε
1424 3005 1524 3084 βιόλίον
1545 3009 1580 3073 ὡς
1606 3008 1712 3085 ἀχρεῖον

940 3097 1156 3175 ἀποδοκιμασθῇ,
1178 3099 1324 3166 τηνικαῦτα
1349 3092 1381 3165 δή
1407 3092 1453 3152 καί
1480 3093 1556 3160 αύτὸς
1580 3094 1712 3174 πόρρωθεν

941 3184 1124 3264 προσκυνήσας
1139 3183 1185 3243 καὶ
1199 3182 1301 3253 σιωπήν
1319 3174 1521 3260 ἀσπασάμενος,
1536 3183 1632 3262 ὁτίροις
1653 3207 1712 3242 πα-

940 3271 1092 3353 ραχωρήσω
1114 3275 1161 3344 τῆς
1183 3270 1314 3352 ἱστορίας,
1339 3271 1431 3350 πολλῷ
1454 3269 1488 3329 τά
1517 3275 1625 3330 τοιαῦτα
1649 3272 1713 3349 ἐμοῦ

941 3360 1080 3440 βελτίοσιν.

23 3572 29 3593 ,
136 3532 184 3595 §in
199 3531 316 3596 μογήσας]
333 3530 438 3589 πονήσας
455 3534 486 3578 Α.
499 3529 510 3592 ΙΙ
522 3527 672 3591 -ἐπέστην]
692 3534 768 3590 περῆν
787 3532 817 3578 Α.
837 3525 848 3590 ll
861 3553 893 3563 ·
904 3526 999 3590 εἰδείην]
1014 3528 1098 3577 είδίναι
1110 3528 1188 3591 ἔχοιμι
1204 3530 1233 3576 Α.
1254 3524 1265 3589 ΙΙ
1287 3552 1314 3561 -
1335 3525 1463 3588 ξυντίταχα
1479 3523 1560 3588 τοῦτο]
1579 3527 1713 3589 συνέγραψα

23 3596 28 3687 ἰ
106 3602 169 3650 τουτί
181 3605 211 3651 Δ.
223 3602 275 3662 1-
289 3601 314 3650 iv
325 3600 394 3649 πέντε
401 3599 509 3662 τμήμασι
521 3597 612 3662 διελών]
622 3600 711 3649 iioeaA
722 3595 818 3646 nonnisi
835 3596 859 3645 in
869 3594 1068 3660 marginohabai.
1081 3595 1092 3659 ΙΙ
1103 3623 1130 3632 -
1139 3595 1277 3659 ἐννῖραρῆς]
1287 3611 1370 3657 συγγρ.
1383 3598 1411 3643 Α.
1477 3620 1494 3645 ε

9 3677 28 3737 J
136 3672 152 3736 ς
164 3678 188 3722 5.
197 3678 246 3722 aco
252 3669 391 3735 Ῥωμαίων]
402 3676 451 3719 τῶν
460 3683 510 3719 om.
519 3672 551 3719 B.
564 3669 618 3732 11-
630 3667 772 3732 Φωκαιέων]
785 3669 892 3717 Φωκέων
911 3670 965 3717 ΑΒ.
981 3670 1017 3717 De
1035 3666 1139 3717 Phoooen
1156 3679 1221 3716 nora
1240 3664 1309 3717 Chiis
1327 3667 1411 3729 erepta
1438 3663 1487 3713 vid.
1505 3664 1548 3715 lib.
1559 3670 1582 3723 a,
1598 3676 1621 3714 o.
1635 3668 1663 3721 5·‚
1682 3662 1713 3713 da

22 3748 28 3787 i
111 3742 165 3792 nai
177 3742 254 3793 rebus
266 3740 310 3791 lib.
321 3746 345 3803 ε,
356 3753 379 3790 ο.
396 3745 439 3799 1ος
451 3739 483 3789 de
500 3740 655 3803 expeditione
669 3741 754 3788 oonira
772 3737 891 3787 Tribniios
903 3737 956 3787 sive
966 3736 1065 3787 Servios
1075 3736 1118 3786 lib.
1130 3744 1153 3795 a,
1165 3750 1187 3786 τ.
1198 3740 1253 3794 6-9,
1269 3739 1350 3796 17-21,
1362 3734 1406 3785 iii.
1416 3737 1439 3793 3,
1455 3747 1476 3783 c.
1488 3741 1510 3784 2.

137 3813 190 3877 ςσ.
204 3816 267 3873 Quae
279 3812 305 3861 in
316 3824 371 3874 sqq.
381 3811 406 3875 (§
424 3815 495 3869 odoi
507 3810 622 3873 leguntur
632 3810 663 3860 do
679 3808 782 3873 sloguiia
788 3808 936 3859 narrationis
949 3808 1080 3873 caninius,
1097 3808 1175 3858 muiio
1188 3806 1301 3856 breviora
1314 3809 1372 3856 sani
1387 3805 1412 3854 in
1425 3806 1443 3854 Α
1446 3842 1457 3868 ,
1467 3804 1510 3854 ubi
1519 3806 1587 3854 totus
1595 3801 1636 3852 hio
1643 3802 1714 3852 iocur

109 3884 143 3935 ih
153 3884 247 3935 hahet:
263 3885 316 3933 Ἔτι
329 3884 355 3933 δὶ
370 3884 413 3940 τήν
430 3882 645 3941 ἐςΠελοπὸννησον
660 3882 755 3946 πρώτην
767 3882 806 3930 καί
819 3882 926 3943 δευτέραν
945 3881 1045 3937 ἐσάολην
1056 3884 1098 3929 τοῦ
1112 3879 1240 3943 βασιλέως,
1250 3880 1291 3927 καί
1301 3880 1333 3933 ὡς
1351 3878 1458 3937 ύπήγαγε
1470 3881 1565 3933 πᾶσαν,
1577 3875 1618 3922 καὶ
1634 3873 1676 3928 τὰς
1688 3875 1713 3924 lv

109 3958 166 4020 ὠνῇ
180 3957 258 4017 τίλεις
273 3954 419 4019 ἐχειρώσατο
424 3991 434 4017 ,
451 3954 493 4010 τὰς
513 3954 556 4016 μὶν
575 3954 703 4019 ὁμολογίᾳ,
720 3953 762 4007 τάς
775 3952 799 4001 δέ
813 3954 852 4001 καί
863 3952 974 4015 πολέμῳ,
985 3951 1132 4014 ἐχυρωτάτας
1141 3967 1169 3999 τε
1184 3949 1305 4004 ούσαςκαί
1315 3948 1386 4008 λόγου
1403 3947 1481 4007 ἀξίας,
1491 3944 1602 4008 Κόρινθόν
1615 3944 1641 3993 τί
1655 3961 1713 4007 φημι

110 4030 148 4077 ταί
160 4028 267 4085 Σπάρτην
285 4028 327 4075 καὶ
345 4026 434 4083 Τίγεαν
453 4026 494 4074 καί
513 4025 607 4088 Πάτρας
622 4030 662 4082 τῆς
681 4024 777 4087 Ἀχαίας
799 4025 839 4072 καὶ
852 4023 948 4087 φρούρια
962 4025 1062 4073 πλεῖστα
1077 4024 1117 4071 καί
1133 4021 1292 4083 ἐρυμνότατα,
1311 4021 1351 4068 καί
1370 4020 1500 4076 κατέστησε
1513 4022 1592 4066 πᾶσαν
1609 4017 1651 4073 τήν
1665 4017 1713 4067 Πέ·

110 4100 179 4157 intr:
189 4100 262 4163 φόρου
271 4099 376 4156 ὑποτελῆ
385 4133 392 4157 ,
402 4097 444 4155 τήν
455 4112 481 4146 τε
497 4096 521 4153 ἐς
532 4099 575 4155 τήν
586 4096 699 4158 Ἰλλυρίδα
715 4097 810 4159 πρώτην
825 4095 924 4153 ἐσθολήν
935 4096 975 4143 καὶ
986 4095 1075 4158 δήωσιν
1088 4093 1172 4149 ταύτης
1188 4092 1300 4146 καὶλείας
1314 4091 1394 4139 ίλασιν
1402 4090 1437 4138 ὁτι
1447 4104 1475 4148 γε
1482 4088 1604 4149 πλείστην,
1616 4087 1673 4150 πρὸς
1688 4082 1716 4136 ὁὶ

110 4170 196 4227 πότοις
207 4169 236 4218 τά
249 4185 276 4219 τε
291 4169 355 4217 κατὰ
367 4162 475 4224 Σινώπην
488 4168 528 4216 καί
544 4166 723 4230 Τραπεζοῦντα,
734 4166 812 4221 πόλεις
825 4164 928 4227 μεγάλας
940 4166 1017 4214 τεκαὶ
1034 4163 1172 4225 εὐδαίμονας
1183 4164 1224 4211 καὶ
1235 4162 1344 4225 βασίλεια
1354 4160 1441 4221 οὔσας,
1453 4160 1493 4208 καὶ
1506 4161 1538 4214 ὡς
1548 4157 1714 4223 παρεστήσατο

13 4274 22 4305 ·.
111 4239 192 4296 τόσσας
202 4240 318 4305 ὁμολογία
326 4240 367 4286 καὶ
379 4241 459 4287 πᾶσαν
472 4237 514 4296 τήν
526 4238 570 4294 ίξω
578 4238 658 4300 χώραν
668 4236 744 4285 αὐτῶν
754 4234 908 4300 ἐχειρώσατο,
922 4237 979 4297 πρὸς
987 4235 1011 4284 ὁί
1019 4234 1082 4297 (πρός
1090 4250 1118 4294 γε
1124 4247 1197 4297 συρτει
1208 4231 1306 4295 script.)
1318 4230 1445 4292 οἰκοδομὰς
1455 4230 1479 4278 ἐν
1491 4235 1521 4293 τῇ
1530 4228 1595 4277 πόλει
1605 4226 1712 4291 λαμπράς

111 4326 137 4359 τε
150 4313 189 4360 ατί
200 4312 333 4364 πολυτελεῖς
348 4312 407 4357 νεῶν
420 4323 446 4357 τε
457 4309 507 4366 (καί
521 4307 622 4370 νεωρίων
636 4304 694 4356 add.
708 4309 774 4370 ingo)
790 4308 830 4355 καὶ
851 4306 976 4368 βασιλείων
996 4307 1036 4354 καί
1055 4306 1147 4368 ἀγορῶν
1159 4305 1199 4352 καί
1219 4303 1343 4368 φρουρίων,
1357 4302 1386 4351 τά
1397 4317 1422 4350 τε
1434 4301 1492 4348 ἄλλα
1506 4306 1552 4348 τῶν
1570 4300 1643 4363 ἐργων
1660 4299 1711 4355 ἑξῆς

115 4382 146 4435 ἐκ
160 4380 263 4444 ἐπράχθη
282 4378 375 4434 πάντα,
386 4378 426 4424 καί
442 4377 471 4435 δή
485 4378 525 4426 καὶ
539 4375 682 4439 δημηγορίας
699 4381 746 4424 τῶν
757 4375 819 4425 πάνυ
832 4375 968 4424 σπουδαίων
982 4380 1024 4423 τοῦ
1036 4374 1218 4437 αὐτοκράτορος,
1233 4373 1318 4437 χρόνου
1336 4388 1362 4420 τε
1373 4373 1460 4428 πλῆθος
1471 4371 1512 4426 ἐτη
1524 4369 1583 4418 ἑπτίι
1596 4368 1652 4430 πρὸς
1664 4370 1714 4421 τοῖς

114 4450 175 4502 δέκα,
191 4454 280 4515 Πίμπω
292 4449 372 4499 τοίνυν
384 4453 414 4509 τῇ
425 4448 533 4510 βασιλικῇ
550 4453 596 4498 σοῦ
610 4447 737 4509 ἐπιστασία
751 4448 791 4496 καί
806 4446 878 4511 σοφίᾳ
895 4445 1141 4509 δοκιμασθησόμενον,
1153 4445 1197 4492 κίεν
1212 4445 1254 4505 μέν
1264 4460 1287 4492 ιι
1301 4447 1412 4503 γενναῖον
1430 4442 1510 4503 εὑρεθῇ
1522 4441 1583 4501 eto,
1597 4440 1625 4487 ui
1636 4436 1662 4485 in
1680 4439 1712 4486 B.

145 4522 204 4584 58.
231 4518 362 4587 Δράκουλι]
383 4518 502 4569 nociooo
520 4532 608 4569 nomen
629 4517 811 4577 indeclinabile3
824 4517 887 4567 inira
904 4517 946 4567 lib.
965 4520 989 4575 4,
1008 4530 1030 4565 ο.
1053 4513 1430 4576 εο,1ε191εςὶίὶιεσράισυλις
1452 4517 1478 4560 et
1490 4508 1629 4560 accusaiivo
1653 4519 1713 4556 casu

118 4593 246 4655 Δςὰαωλιν,
261 4592 336 4657 Apud
356 4589 491 4639 monicum
511 4589 731 4652 chaicooontiyiarn
743 4602 768 4652 p.
787 4593 832 4638 518
848 4588 888 4639 ed.
901 4591 977 4638 Bono.
988 4586 1078 4650 iegitur
1090 4586 1235 4648 Δραιούλης,
1248 4583 1314 4646 apud
1325 4585 1421 4631 Ducam
1439 4593 1463 4645 p.
1483 4585 1527 4629 202
1538 4592 1591 4641 rqq.
1611 4575 1714 4639 Δραγού·

20 4652 25 4665 ’
118 4664 255 4729 brodoan
272 4662 337 4714 aiioo
352 4661 394 4710 hio
406 4662 512 4709 loannes
527 4661 678 4711 wladislaus
688 4662 734 4721 iv,
745 4660 879 4710 Wolachiae
891 4658 1011 4710 woiwoda
1024 4656 1208 4722 cognominatur
1222 4654 1340 4705 limenio
1354 4652 1393 4701 roi
1410 4651 1533 4701 oracoia.
1552 4651 1665 4703 Inmuro
1676 4660 1712 4696 ao·

121 4732 194 4784 dash
206 4732 406 4786 [ιοαεέεθεὶευεε
420 4729 532 4793 iegitur:
554 4744 598 4781 on.
617 4736 675 4781 1⁴62
690 4729 806 4781 Mniiior
826 4744 875 4781 rex
887 4730 1031 4781 Dracoiom
1055 4726 1213 4791 ωορισοείαια
1235 4725 1309 4788 cepit.
1330 4721 1387 4774 rio.
1407 4719 1548 4801 Zinieison¹
1561 4715 1649 4767 nesci.
1669 4714 1714 4766 des

120 4805 344 4873 monitiones,
360 4801 412 4852 voi.
428 4803 462 4862 ΙΙ,
473 4814 498 4865 ρ.
514 4804 617 4853 lionot.
634 4803 645 4866 ΙΙ
660 4830 690 4839 -
701 4805 733 4859 εἰς
746 4803 788 4861 την
800 4802 886 4867 αὐτῶν]
894 4809 938 4864 γῆν
946 4804 1002 4865 posi
1012 4802 1054 4859 τὴν
1070 4795 1342 4849 inseruiiTischendori
1348 4795 1440 4857 praeier
1455 4792 1636 4841 necessitatem.
1659 4787 1714 4861 iij-

119 4876 224 4943 i‘raaoe]
235 4877 339 4943 ὀρίδας
354 4871 400 4923 ed.
414 4869 557 4932 Tioohond.;
577 4877 602 4922 at
612 4872 655 4923 lib.
673 4876 698 4933 4,
714 4885 736 4922 ο.
753 4876 790 4931 10,
801 4874 815 4920 7
827 4876 853 4922 ei
869 4878 896 4921 10
910 4872 986 4922 irater
1006 4869 1118 4935 Dracuiis
1129 4866 1212 4923 Ῥἀδος
1230 4872 1346 4929 vocatur3
1361 4861 1415 4911 aliis
1433 4864 1471 4911 asi
1489 4857 1584 4910 aanor.
1598 4856 1610 4919 i!
1623 4882 1650 4892 -
1663 4863 1714 4940 ,τοῦ

116 4946 213 5016 ἀδελφοῦ]
223 4947 323 4999 Βαναία
333 4940 449 5003 margine
462 4940 591 4995 adduntur.
601 4943 612 5007 ΙΙ
621 4942 675 5005 -§
687 4945 747 5001 ἰωή
760 4941 858 5006 τούτων]
872 4946 888 5001 η
900 4942 951 5006 (γῆ)
971 4940 1060 4990 τούτων
1071 4936 1211 4995 Tischero„
1225 4947 1274 4996 quo
1287 4945 1335 4981 non
1352 4944 1415 4995 opus
1425 4933 1488 4979 orat.
1504 4929 1515 4992 ΙΙ
1531 4930 1613 5001 -14,
1627 4943 1714 5008 χρόνῳ

114 5018 147 5084 θλ]
155 5038 190 5085 χρ.
204 5038 229 5070 τε
239 5020 301 5068 ΑΒ.
315 5014 373 5079 11-
387 5006 404 5072 S
421 5014 458 5059 ¹5·
471 5012 666 5076 ἱνγγρεψάμενος]
680 5013 814 5074 ξυναγαγών
836 5013 862 5062 in
883 5011 1000 5073 margine.
1013 5010 1029 5074 §
1046 5015 1083 5059 lo.
1098 5007 1153 5070 παρ’
1163 5003 1234 5068 αὐτῇ]
1248 5003 1302 5064 παρ’
1316 5002 1380 5063 αὐτῷ
1392 5003 1444 5051 ΑΒ.
1468 4998 1478 5062 ΙΙ
1495 5025 1527 5034 -
1537 4996 1662 5080 ξυρωθῑίη]
1672 4999 1713 5047 3ῑῦ

112 5092 193 5156 μὴ)
208 5088 339 5157 προτείνειε
352 5080 512 5144 conjunctivo
529 5082 593 5146 apud
609 5085 725 5133 Nostrum
734 5083 852 5147 jungitur.
867 5083 878 5148 ΙΙ
892 5083 949 5131 -ἃ
966 5082 1004 5140 ξὺν
1020 5082 1065 5144 θεῷ
1077 5096 1115 5130 σοι
1128 5071 1278 5140 πεπράξεται]
1289 5074 1349 5121 lino
1364 5084 1412 5145 non
1421 5069 1495 5152 balnei
1504 5070 1533 5129 Α,
1547 5080 1573 5117 ra
1586 5080 1637 5150 φυο
1647 5071 1704 5132 post

110 5164 178 5216 ιρι,
188 5160 362 5229 mmm
374 5154 434 5214 ἡμῖν
445 5148 534 5215 iegitur
546 5174 552 5204 :
563 5150 649 5213 δι’άδὴ
659 5155 699 5203 καί
710 5155 733 5211 ἐς
748 5155 814 5218 δεῦρο
826 5156 867 5214 τήν
876 5155 931 5214 ὅλην
941 5154 1069 5219 ξυγγραφήν
1084 5147 1253 5212 ἀνηρτήσαμεν.
1265 5144 1279 5205 ΙΙ
1291 5141 1340 5205 -§
1356 5144 1393 5191 17.
1408 5137 1521 5206 βελτιοσι]
1533 5141 1644 5204 βιλτιωσι
1657 5141 1711 5189 ΑΒ·
