3842 6036
405 489 651 551 nncunnnns
671 491 800 553 nunus
820 491 856 551 v.
876 493 955 554 ceca
978 489 1164 573 (iusi-insa
1185 493 1220 553 r.
1238 493 1303 572 c).
1604 498 1661 557 ιω
1763 480 1767 485 “

55 628 159 707 χειμῶνι
170 621 253 682 πέντε
268 620 316 682 καλ
327 620 409 681 είκοτι
423 621 490 700 μετά
499 644 529 699 γε
538 624 591 681 τῶν
605 625 779 703 σκευαγωγῶν
789 623 837 690 τδις
891 623 1001 695 Γετικήν
1021 646 1050 682 τε
1065 624 1111 682 καί
1132 622 1282 699 Σκυθικήν,
1303 623 1348 683 καὶ
1367 626 1401 682 δι’
1422 625 1507 683 αὐτῶν
1527 625 1662 685 ἐκδίδωσιν

35 719 145 793 ,κοίτας
171 704 283 795 Ἐρίῷ
307 712 339 783 δή
365 712 410 773 καί
429 713 548 787 μᾶλλον,
570 708 605 778 ῶς
624 735 718 794 ρασιν,
746 712 837 774 ίκτοτε
891 713 917 778 ἐς
941 710 985 770 τὸν
1010 710 1130 778 Εὔξεινον
1166 712 1273 773 πόντον.
1316 714 1352 791 (a)
1365 710 1515 793 Περικλείει
1537 712 1566 773 di
1594 715 1664 781 ἐντὸς

57 804 175 885 ῶργῖζετο
195 802 275 882 αύτῷ
294 800 460 880 όβασιλεθς,
475 799 521 859 καί
537 800 570 860 δι’
581 801 645 860 αύτό
653 821 684 879 γε
701 802 836 861 τοῦτοκαὶ
892 801 985 859 issem
999 799 1067 858 ἀλλα
1077 822 1105 857 τε
1121 797 1183 871 ίθνη
1197 800 1284 860 πολλὰ
1298 799 1492 879 μαχιμώτατα,
1512 799 1558 859 καί
1571 798 1604 872 δή
1618 800 1664 860 καί

58 894 134 959 {iius
146 888 235 957 αέτίας
250 887 346 969 μικρόν
355 886 462 967 ύστερον
473 888 572 948 ἀνεῖλεν
587 888 674 951 αὐτόν.
689 889 744 949 Καὶ
752 894 836 949 ταῦτα
890 888 924 947 sir
939 887 1061 948 Παιόνων
1072 911 1102 945 τε
1115 887 1162 946 καί
1171 890 1279 960 Δακῶν,
1292 878 1330 954 οἷς
1342 890 1411 948 ἐστιν
1421 887 1529 968 όμορος,
1539 890 1574 955 ὡς
1586 889 1662 968 ίρην,

57 981 101 1059 μίν
115 976 211 1057 ταύτῃ.
890 975 1080 1056 ήΤριύαλλῶν
1086 974 1267 1053 παρακειμένη
1273 999 1301 1034 τε
1309 975 1408 1044 τούτοις
1419 975 1498 1057 μέχρι
1511 978 1609 1037 πολλοῦ
1618 980 1663 1036 καί

93 1067 145 1126 ii.
156 1063 288 1132 Βασιλεύς
304 1062 330 1123 δ’
340 1061 584 1144 ἐν’λδριανουπόλει
595 1062 693 1141 διοίγων
708 1067 836 1143 χειμῶνος
890 1064 979 1130 πολεις
990 1063 1088 1143 ἐχουσα
1106 1063 1207 1131 πολλός
1224 1062 1269 1121 καί
1289 1061 1373 1131 καλός
1390 1066 1417 1123 ἐν
1431 1068 1465 1144 τῇ
1478 1066 1603 1144 μεσογείᾳ
1619 1066 1664 1124 καὶ

58 1155 185 1235 στρατείαν
199 1153 317 1232 μεγέλην
329 1150 523 1232 παρεσκεύαζεν
537 1149 580 1208 ἐπὶ
594 1148 776 1230 Τριθαλλούς·
787 1150 833 1209 καί
891 1151 1002 1233 ρρούρια
1012 1151 1110 1233 ἐρυμνδ
1121 1150 1181 1230 περί
1196 1174 1246 1211 που
1261 1151 1308 1217 τάς
1318 1149 1397 1231 όχθας
1412 1158 1458 1212 τοῦ
1475 1157 1610 1229 ποταμοῦ·
1630 1153 1664 1211 δι’

58 1246 111 1326 γλρ
127 1237 409 1322 ήκπροπυνθανόμενος
418 1239 453 1299 τόν
468 1242 708 1318 ἐκεῖνεοχμοῦντα·
724 1239 768 1299 τὀν
785 1240 837 1318 γὰρ
892 1237 952 1310 ἀδὴ
964 1238 1009 1297 καί
1024 1239 1140 1316 μάλιστα
1154 1241 1295 1315 ἀναγκαῖον
1304 1240 1389 1297 ἐδόκει
1402 1243 1441 1319 τῷ
1455 1242 1560 1319 βασιλεῖ
1570 1238 1664 1319 χειρία·

59 1336 113 1392 τῶν
142 1331 294 1413 Τρεύαλλῶν
332 1328 451 1409 ήγεμόνα
483 1327 615 1407 νεωτέρων
654 1329 836 1400 ἐπιθυμοῦντα
895 1325 991 1384 σαοθαί
1005 1347 1034 1384 τε
1047 1327 1127 1395 αὐτὴν
1144 1323 1189 1383 καί
1203 1324 1319 1407 τάπαρά
1332 1324 1378 1394 τίις
1392 1326 1529 1408 όχθαςτοῶ
1543 1333 1665 1405 ποταμοῦ

61 1418 266 1498 κοινολογιῖαθαί
281 1441 309 1477 τε
328 1416 375 1476 καί
398 1416 491 1494 λόγους
511 1413 668 1496 προαρέρειν
690 1414 777 1496 κρύιρα
797 1419 835 1495 τῶ
891 1412 1002 1493 φρούρια
1015 1414 1179 1493 κατασχεῖν,
1202 1414 1273 1481 ὅπως
1285 1413 1327 1488 εἴη
1348 1419 1396 1487 τ’ής
1415 1415 1507 1475 τούτου
1520 1415 1665 1482 διαύοίσεως

60 1510 162 1585 βασιλεῖ
172 1505 315 1581 Παιόνων,
331 1504 376 1562 καί
387 1501 513 1574 ξυνθήκας
524 1502 653 1560 ποιεῖσθαι
671 1500 729 1579 μετ’
743 1503 835 1580 αὐτοῦ,
892 1499 997 1579 κύριος,
1021 1498 1067 1558 καί
1080 1501 1143 1560 όταν
1163 1499 1241 1569 αύτός
1261 1524 1291 1579 γε
1307 1500 1398 1582 timp,
1417 1503 1512 1583 ῥηιδίως
1527 1501 1577 1582 ίχη
1601 1505 1664 1562 δια-

60 1593 126 1657 όπως
149 1595 238 1658 καλῶς
263 1615 292 1651 τε
309 1589 581 1670 παρασκευασάμενος
604 1587 712 1648 καὶτὸν
731 1587 836 1667 Ἴστρον
891 1586 990 1645 θαίνειν
1004 1589 1029 1654 ίς
1046 1587 1095 1656 τήν
1108 1586 1214 1647 ίκιίνων
1230 1588 1363 1655 κάκείνους
1376 1594 1425 1670 (τε)
1444 1592 1557 1673 ἀπείργοι·Ι
1571 1595 1618 1663 τῆς
1637 1590 1664 1658 ἐς

60 1681 144 1748 θιαόδς
157 1683 182 1748 ἐς
193 1680 243 1751 τήν
256 1685 304 1739 ταῶ
315 1678 445 1759 βασιλέως
453 1675 544 1757 χώραν
556 1677 676 1755 ἐμύοίλλῃ
687 1675 836 1754 ξυνεμύοίλ-
890 1675 940 1747 τήν
956 1679 1038 1734 αὑτοῦ
1063 1675 1223 1744 διαδόσεως·
1237 1678 1266 1736 οὗ
1281 1677 1359 1756 μόνον
1379 1678 1420 1753 δέ,
1437 1678 1506 1739 ἀλλά
1520 1680 1564 1738 καί
1581 1684 1599 1750 ἀ,
1616 1684 1663 1751 τῆς

58 1771 122 1829 λωτι
130 1768 175 1829 καί
187 1772 280 1849 αύτῷ·
325 1769 359 1848 (4)
371 1767 401 1826 ού
412 1765 491 1844 μόνον
504 1763 542 1838 δί,
550 1763 670 1823 ἀλλάκαὶ
681 1763 727 1822 τόν
737 1762 833 1836 ξυνήθη
889 1762 978 1843 χώρας
994 1761 1074 1843 ἀρετή
1092 1762 1165 1822 οὐδέν
1183 1756 1262 1837 ήττον
1283 1769 1381 1848 ἐπῆγεν
1403 1767 1501 1841 αύτὸν,
1520 1770 1659 1844 θαυμαστή

12 1912 13 1915 ,
61 1857 152 1935 θαητὸν
173 1858 297 1937 βραδέως
311 1880 340 1916 τε
359 1854 429 1914 πείνυ
451 1863 562 1934 παρεῖχε
582 1851 628 1911 καί
654 1851 835 1929 πλημμελῶς,
889 1872 927 1917 τις
941 1840 1007 1908 ούσα
1027 1852 1073 1910 καί
1093 1859 1172 1910 πᾶσιν
1196 1854 1371 1931 εύθηνουμίνη
1394 1853 1448 1923 τοῖς
1464 1857 1585 1933 ἀγαθοῖς·
1600 1855 1618 1928 ή
1636 1879 1664 1915 τε

61 1945 230 2020 πλαττόμενος
240 1945 286 2003 ἀεὶ
298 1942 442 2024 προρόοεις
453 1966 483 2002 τε
496 1942 541 2001 καί
550 1939 681 2007 ἀναύολάς
695 1941 724 1999 ού
736 1942 833 2009 καλοίς·
890 1937 941 2018 γάρ
962 1942 997 2018 γῆ
1021 1938 1160 2019 ποίμρορός
1182 1940 1212 1999 τί
1234 1943 1303 2001 ἐστιν
1329 1946 1410 2022 αὐτῇ,
1436 1943 1573 2023 ἐρρωμίνη
1601 1944 1666 2022 πρὸς

12 2092 14 2097 ,
62 2024 123 2115 ἐρ’ήι
133 2030 164 2103 δή
173 2031 220 2092 καί
229 2033 337 2110 μᾶλλον
346 2028 623 2112 ῶργίζετοθβασιλεύς
629 2027 834 2108 τεκμαιρόμενος
890 2029 996 2091 ἁπάσας
1008 2028 1085 2107 γονάς
1100 2029 1145 2087 καί
1160 2029 1248 2088 πάντα
1258 2030 1328 2107 μετὰ
1340 2031 1477 2110 δαψιλείας
1492 2031 1664 2111 παρεχομένη

12 2136 14 2169 ὲ
61 2120 183 2181 iussim
197 2118 339 2201 νεωτέρων
359 2118 438 2178 αύτδν
461 2120 612 2195 ἐπιθυμεῖν·
656 2118 689 2195 (a)
704 2117 734 2175 ού
750 2122 835 2175 ταῖτα
889 2113 938 2173 όσα
955 2115 1077 2196 φέρουσιν
1095 2109 1163 2197 ὧραι
1186 2119 1346 2198 σπερμάτων
1360 2119 1449 2178 τεκαὶ
1470 2121 1574 2200 ρυτῶν,
1598 2118 1665 2180 ἀλλά

12 2190 14 2295 ᾗ
63 2208 86 2267 δί
98 2210 173 2287 μόνω
188 2211 288 2288 ἐνῆγεν
300 2209 396 2282 αι’ντδν,
413 2204 538 2267 ἀλλὰκαὶ
558 2204 733 2285 ήτῆςχῶρας
747 2205 834 2284 ρύσις,
890 2204 922 2277 δή
932 2205 978 2264 καὶ
991 2204 1040 2265 όσα
1051 2204 1173 2280 νέμονται
1184 2210 1245 2284 γῆν,
1258 2205 1365 2266 αίπόλιά
1380 2230 1410 2267 τε
1419 2207 1488 2287 ρημί
1502 2207 1547 2266 καί
1557 2208 1665 2286 ποίμνια

12 2368 13 2377 γ
63 2296 168 2375 εύτόρκη
180 2295 255 2355 θέσιν
280 2293 451 2375 παρεχομένη
477 2292 551 2360 ίςτι
565 2290 609 2349 τὸν
623 2290 692 2350 nard
715 2289 835 2350 Παιόνων
889 2293 935 2352 καί
956 2292 1084 2376 συρόρύια
1101 2292 1148 2352 καί
1170 2295 1295 2374 βουκολια
1309 2296 1354 2354 καί
1378 2293 1468 2353 ἵππων
1490 2295 1596 2375 ἀγαθῶν
1618 2297 1667 2356 ούκ

12 2414 14 2441 ν
63 2403 86 2440 τε
102 2384 252 2444 scincum
265 2382 386 2456 πόλεμον
400 2378 661 2458 ἐκπεπολεμωμένων
669 2380 753 2460 αύτῷ,
766 2375 834 2438 dces
889 2382 979 2460 ὀλίγην
1004 2380 1086 2462 ρορδν
1108 2381 1154 2441 καὶ
1172 2384 1278 2443 πολλῶν
1299 2384 1386 2443 ἀλλων
1407 2381 1542 2460 ἐδωδίμων
1562 2407 1591 2443 τε
1619 2383 1667 2443 καὶ

12 2466 14 2527 ί
63 2470 196 2549 ρρδίαςάπ’
212 2471 299 2540 αὐτῆς
319 2472 344 2539 ἐς
364 2469 413 2535 τήν
433 2467 538 2528 ἐκείνων
552 2464 623 2547 έχειν
643 2470 774 2526 ποιεῖσθαι
788 2465 834 2533 τάς
887 2470 1028 2550 χρησίμων
1042 2468 1114 2537 ζῶων
1126 2470 1233 2550 ἡμέραιν
1252 2494 1283 2530 τε
1298 2470 1344 2529 καὶ
1358 2471 1457 2551 ἀγρίων
1476 2471 1539 2549 γένη
1554 2471 1666 2553 διάραρα

12 2616 13 2629 p
63 2555 169 2625 ίσόολάς.
890 2556 996 2617 ἅπαντα
1012 2559 1101 2639 τρίρει
1125 2559 1192 2636 μετὰ
1215 2559 1314 2631 πολλῆς
1334 2559 1499 2637 περιουσίας·
1516 2558 1552 2638 (a)
1592 2560 1623 2620 τδ
1639 2560 1666 2618 δέ

12 2656 14 2721 ξ
96 2644 278 2723 441.Ἧγὰρ
300 2647 353 2703 τῶν
373 2643 531 2724 Τριύαλλῶν
549 2646 633 2701 κεῖται
651 2640 700 2717 μέν
724 2645 751 2702 ἐν
768 2643 828 2701 ἐπι·
889 2645 1010 2724 μέγιστον
1033 2646 1080 2713 καὶ
1103 2637 1126 2725 ᾧ
1148 2646 1236 2714 παίσας
1257 2645 1304 2712 τάς
1328 2646 1410 2714 ἀλλας
1425 2655 1486 2728 νικᾷ
1505 2645 1563 2724 μεθ’
1580 2650 1663 2725 ὓπερ-

12 2754 13 2759 ’
65 2730 137 2812 κείρω
148 2738 195 2805 τῆς
214 2733 277 2794 ἄνω
294 2730 404 2814 θρηίκης
409 2731 568 2812 ,ἀρχομένη
585 2730 632 2810 μίν
646 2731 700 2791 ἀπὸ
714 2735 760 2803 τῆς
774 2730 829 2789 ἄνω
889 2731 983 2806 ύολής,
1006 2734 1046 2791 ότι
1064 2732 1161 2814 χρυσόν
1175 2735 1221 2792 καὶ
1239 2733 1350 2814 ἄργυρον
1374 2733 1465 2814 ῶσπερ
1489 2734 1543 2792 ἀπὸ
1570 2738 1664 2813 πηγῶν

69 2818 161 2889 Ιυαίας
185 2823 232 2881 καί
259 2826 309 2880 τοῦ
341 2820 456 2899 Αἵμονος
490 2819 580 2902 όρους,
614 2818 771 2899 παρήκουσα
802 2819 831 2880 di
888 2821 1045 2899 ἀναδίδωσι,
1059 2820 1106 2881 καί
1120 2828 1261 2900 πανταχοῦ
1275 2821 1372 2894 ταύτης
1385 2821 1522 2902 ὀρύσσοντι
1534 2821 1663 2903 ψήγματα

65 2906 132 2986 μέχρι
154 2915 200 2968 τοῦ
227 2905 356 2987 Ἴστρου,
372 2908 428 2972 ,καί
456 2911 590 2988 όμοροῶσα
630 2906 663 2964 δι’
691 2908 769 2966 αύτοῦ
798 2910 831 2987 τῇ
889 2908 1001 2989 παρέχει
1018 2914 1119 2988 χρυσοῦ
1137 2908 1184 2967 καί
1197 2907 1311 2989 ἀργύρου
1332 2910 1443 2968 πλεῖστα
1468 2909 1514 2968 καί
1533 2911 1665 2969 κάλλιστα

67 2999 149 3054 θακῶν
166 3001 212 3057 καὶ
228 2996 358 3058 Παιόνων
371 2999 455 3078 ἀρχῇ·
474 2999 488 3055 ό
504 2994 556 3075 γάρ
569 2992 690 3073 Ἴστρος,
712 2993 834 3072 μέγιστος
890 2994 937 3053 καὶ
958 2994 1097 3074 κρείσσονα
1115 2999 1162 3067 τ’ής
1182 2993 1310 3066 Ἰνδικῆς·
1328 2992 1362 3075 (i)
1384 2995 1417 3053 δι’
1437 2993 1454 3051 ἀ
1476 2994 1508 3066 δή
1523 2995 1571 3054 καὶ
1585 2996 1615 3056 τδ
1639 2997 1666 3066 ἐξ

66 3080 228 3163 διποταμῶν
252 3087 309 3144 τῶν
329 3083 398 3143 κατὰ
418 3084 466 3153 τήν
486 3082 638 3163 Εὐρώπην,
649 3082 760 3162 ἄρχεται
785 3083 834 3159 μίν
890 3087 975 3163 ἀρχῆς
989 3088 1006 3155 ἠ
1022 3087 1074 3143 τῶν
1091 3084 1250 3164 Τριθαλλῶν
1265 3081 1335 3165 ἀρχή
1355 3083 1487 3160 εὐδαίμων
1505 3107 1534 3143 τε
1559 3076 1592 3157 ἦν
1616 3086 1664 3144 καί

67 3171 165 3233 ἀπατῶν
181 3176 323 3235 Κελτικῶν
339 3174 423 3253 όρῶν,
440 3173 503 3254 ῥέων
516 3171 545 3232 δέ
559 3172 591 3231 δι’
604 3173 702 3244 αὐτῶν,
719 3171 787 3230 ἀλλά
801 3171 833 3244 δή
890 3173 933 3231 ἐπί
948 3172 1055 3253 πλούτιρ
1073 3172 1119 3232 καί
1137 3172 1277 3253 δυναστεία
1298 3173 1368 3251 μέγα
1383 3171 1501 3253 ἐρρόνει,
1523 3172 1570 3232 καί
1585 3172 1665 3253 βασί·
1733 3164 1742 3179 “

12 3258 14 3325 ί
67 3259 103 3314 τοὶ
114 3263 158 3332 τῆς
170 3265 225 3320 τῶν
249 3256 378 3322 Παιόνων
391 3282 419 3318 τε
438 3260 483 3319 καλ
505 3262 601 3320 Δακῶν
616 3256 662 3318 καλ
677 3257 772 3337 ίτίρων
786 3259 834 3317 ούκ
889 3262 958 3320 λειον
981 3251 1071 3333 ήνκαλ
1092 3259 1180 3328 πόλεις
1206 3252 1372 3339 εἷχεπολλίις
1392 3259 1439 3319 καί
1470 3263 1588 3340 μιγάλας
1616 3265 1662 3343 ύρ’

67 3343 146 3424 ilipa*
156 3352 256 3425 γενῶν,
272 3349 320 3407 καί
335 3346 436 3420 πολλὴν
451 3347 616 3428 διερχόμενος
626 3351 675 3426 γῆν
686 3346 733 3406 καί
746 3346 833 3428 κρείτ·
890 3351 988 3426 ἑαυτῇ,
1002 3348 1071 3408 ἀλλδ
1085 3348 1117 3418 δὴ
1138 3348 1184 3407 καί
1197 3349 1368 3427 εὐδαίμονας,
1380 3351 1425 3409 καί
1439 3350 1550 3429 φρούρια
1564 3350 1667 3432 ἐρυμνὰ

12 3500 14 3517 γ
69 3453 111 3490 ταν
124 3435 197 3504 αότδς
213 3441 313 3497 ἑαυτοῦ
324 3436 458 3514 γινόμενος
473 3435 515 3495 ἀεί
528 3443 586 3503 ταῖς
600 3434 762 3515 προσθήκαις
779 3438 832 3494 τῶν
890 3436 935 3495 καί
948 3438 1097 3509 δυσάλωτα,
1109 3440 1155 3495 καί
1166 3436 1320 3516 καταλόγων
1334 3442 1531 3517 στρατιωτικῶν
1544 3461 1573 3497 τε
1586 3461 1667 3519 στρα-

12 3520 14 3655 ρ
69 3523 170 3586 istd-o
185 3520 374 3585 ἔσθαλλόντων
389 3526 537 3602 ποταμῶν,
556 3526 668 3605 τελευτᾷ
681 3522 728 3601 μίν
745 3527 770 3591 ἐς
784 3522 831 3596 τὴν
858 3473 865 3595 ί
889 3525 1028 3602 τευμοίτων
1053 3525 1191 3598 ἐπλούτει,
1213 3524 1259 3584 καί
1278 3522 1367 3584 όπλων
1381 3520 1486 3585 πολλῶν
1500 3526 1546 3585 καί
1567 3528 1667 3599 καλῶν,

12 3802 13 3805 ’
70 3795 169 3862 bimae<
179 3806 227 3850 τῶν
235 3803 367 3852 Γενουῖτῶν
378 3800 432 3857 τούς
440 3801 574 3864 εὑρεθέντας
583 3800 633 3850 ἐκεῖ
640 3800 682 3857 τὰς
692 3800 853 3864 πραγματείας
865 3800 974 3862 ἀφεῖλον,
989 3800 1073 3857 αύτούς
1085 3799 1111 3850 oi
1126 3800 1151 3849 όν
1160 3804 1212 3857 ταῖς
1222 3800 1338 3865 τριήρεσιν
1350 3800 1446 3849 insim-
1465 3800 1518 3854 τοὺς
1528 3800 1661 3855 δἰπολίτας
1742 3800 1751 3811 ’

70 3867 158 3927 ἃπαντας
168 3872 325 3934 καταγράψας
335 3870 379 3920 καλ
390 3871 451 3927 τούς
468 3870 553 3926 παῖδας
565 3871 606 3919 καὶ
616 3869 742 3926 παιδίσκας
751 3870 820 3932 ἐγγύς
828 3887 876 3920 που
889 3871 974 3922 ἑκατόν
985 3871 1090 3936 ἀφελὼν,
1105 3873 1147 3921 καὶ
1159 3872 1251 3933 φύλακα
1261 3874 1297 3932 τῷ
1309 3870 1424 3932 πολιχνίῳ
1438 3870 1479 3918 ἕνα
1489 3875 1537 3918 τῶν
1551 3870 1665 3930 Τούρκων

72 3933 247 4002 ἐπιστήσας,
258 3941 302 3990 καὶ
311 3941 480 3990 πεντεκαίδεκα
491 3941 577 4003 ἡμέρας
593 3940 688 3996 τελέσας
698 3940 759 4000 ἐκεῖ,
774 3941 894 3999 ἐξήλθασιν
906 3943 932 3990 ei
945 3942 1042 4006 τριήρεις
1054 3946 1083 4004 τῇ
1101 3943 1122 3991 εί
1136 3948 1178 3991 τοῦ
1194 3940 1309 4003 Ποεθρίου
1320 3940 1391 4001 μηνός
1407 3939 1495 4000 ,eonii
1509 3938 1583 3993 ἔτους.
1601 3941 1664 3996 Quas

71 4002 145 4059 distic
156 4009 292 4061 miscuata
303 4009 366 4070 sint,
387 4011 453 4074 apud
469 4009 551 4073 ipsum
570 4011 667 4060 Ducam
679 4010 756 4074 iegns.
778 4009 789 4073 ΙΙ
806 4037 837 4052 -
850 4010 897 4074 §a
916 4012 1027 4073 ὠργίζετο
1047 4010 1127 4075 αὐτῷ]
1143 4014 1223 4060 Duces
1243 4022 1268 4073 p.
1281 4012 1335 4069 435,
1353 4015 1383 4059 44
1396 4027 1403 4057 :
1414 4008 1444 4068 ἧν
1461 4009 1505 4071 γὰρ
1518 4010 1532 4057 5
1554 4009 1666 4068 Γενούζης

72 4073 200 4136 medimnis:
209 4083 253 4130 καὶ
262 4082 306 4138 τήν
320 4080 436 4143 ἐπαρχίαν
449 4079 539 4143 Καρίας
550 4080 697 4128 inserendis·
711 4080 761 4130 ici
775 4081 876 4143 Ἰσμαήλ
884 4081 1025 4143 ἀντεισήχθη
1041 4084 1211 4139 κοντοσταῡλος
1224 4083 1264 4130 καί
1278 4081 1378 4145 ἔπαρχος
1390 4082 1415 4131 έν
1429 4082 1578 4145 Χερρονήσῳ.
1597 4082 1666 4132 Geie·

73 4148 229 4208 mimnarii
240 4162 327 4199 mense
340 4150 398 4199 anni
407 4153 466 4200 1455
480 4151 571 4214 (5954)
587 4152 680 4200 ionum
693 4148 776 4200 ndiruc
790 4150 876 4201 classis
887 4150 1019 4213 praeiectns
1031 4156 1085 4202 erat
1093 4152 1119 4202 in
1133 4150 1289 4217 expeditione
1298 4153 1383 4200 eontra
1392 4153 1483 4201 AEnum
1496 4150 1531 4216 (r.
1543 4164 1597 4215 cnp.
1609 4157 1634 4201 11
1647 4151 1666 4214 ).

98 4214 137 4267 Vi.
155 4217 205 4280 §i.
221 4219 383 4284 ΤρεθαλλούςΙ
401 4220 442 4270 sic
457 4219 557 4271 servios
574 4223 649 4271 vocnt
664 4233 734 4270 more
753 4220 934 4271 erudituiorum
953 4221 1152 4282 Byzantincrum.
1170 4224 1220 4287 11-
1237 4220 1401 4286 νεοχμοῦντα]
1415 4239 1505 4288 νιωχμ.
1525 4221 1582 4273 cod.
1602 4224 1613 4284 ΙΙ
1632 4250 1663 4260 -

12 4312 13 4315 =
73 4285 191 4347 ῐμωῶῑιν
218 4289 343 4355 ἡγεμόνα]
362 4305 399 4341 sc.
416 4292 561 4356 Georgium,
580 4292 665 4343 iiarioe
685 4305 730 4343 seu
751 4293 827 4341 Maroe
842 4290 935 4352 fliium,
952 4291 1064 4342 Lanario
1084 4293 1134 4344 iiiia
1151 4297 1279 4359 nepotem,
1295 4292 1341 4356 qui
1359 4293 1486 4356 Stephano
1506 4294 1666 4344 aruneuioin

12 4376 13 4385 ¹
73 4356 152 4406 &nie
168 4361 306 4424 principatu
322 4364 484 4415 sucesserat.
500 4362 563 4413 Miro
571 4376 656 4414 errore
669 4361 809 4413 critobulus
822 4375 868 4425 prc
879 4362 982 4426 Georgio
999 4360 1090 4426 ubique
1103 4368 1222 4416 Lazarum
1239 4363 1307 4416 dicii.
1325 4361 1336 4426 ΙΙ
1348 4363 1437 4427 —§2.
1452 4367 1493 4414 τὸν
1502 4367 1593 4430 δασμὸν
1609 4367 1665 4427 ppa-

74 4425 146 4482 ine..
160 4431 276 4496 παρεῖχε]
288 4436 342 4483 imo
360 4433 543 4497 promptissime
558 4432 680 4483 tributum
696 4432 799 4495 Augusti
812 4445 894 4483 mense
914 4446 960 4482 an:
974 4437 1032 4484 1453
1054 4434 1237 4499 λθείειιοροΙίιυ
1261 4434 1387 4485 attulerat.
1406 4437 1436 4483 V.
1457 4436 1541 4483 Duces
1560 4448 1585 4497 p.
1605 4436 1663 4483 514,

75 4495 224 4551 linimen
234 4502 328 4554 servin
335 4501 461 4567 potiundus
472 4503 578 4568 cupidus
590 4517 691 4554 causern
706 4503 764 4553 belii
773 4502 891 4553 iniercndi
907 4516 938 4553 eo
949 4502 1042 4554 invenit
1060 4505 1127 4569 quod
1140 4506 1173 4555 cb
1184 4504 1353 4570 cognationem
1370 4517 1430 4553 cum
1442 4504 1535 4554 Serriae
1552 4502 1666 4565 despota·

76 4577 123 4616 παν
132 4569 220 4621 iamiiia
230 4573 279 4623 sibi
295 4574 506 4631 intercedentem.
517 4574 641 4636 regionem
657 4574 725 4625 iiiam
738 4574 770 4623 ad
781 4588 808 4623 sc
820 4574 901 4638 ipsum
915 4573 1084 4638 potiusquam
1101 4576 1133 4625 ad
1151 4576 1283 4639 Georgium
1299 4573 1422 4637 periinere
1439 4572 1601 4636 prnierebat.
1624 4574 1660 4622 V.

76 4634 174 4702 Duoesp.
184 4643 390 4696 sinsadeddin.
399 4650 423 4704 4,
432 4658 457 4709 p.
471 4646 523 4695 iii.
535 4643 848 4696 iieciremetesinserriam
858 4644 947 4708 irrupit
955 4645 1062 4708 primum
1070 4648 1156 4696 estete
1166 4646 1222 4697 anui
1237 4646 1305 4707 1454,
1315 4642 1404 4694 deinde
1414 4642 1504 4694 iterum
1512 4645 1599 4692 estate
1609 4643 1666 4692 noni

78 4709 137 4769 1455,
151 4714 264 4776 utsupra
274 4715 327 4779 jam
339 4715 435 4765 monui.
454 4713 596 4767 critobulus
609 4715 705 4766 nonnisi
715 4714 850 4766 secundum
865 4714 1046 4778 expeditionem
1061 4718 1239 4766 commemorat
1253 4727 1358 4777 eamque
1377 4726 1506 4777 perperam
1519 4711 1590 4776 ponit
1608 4715 1666 4764 onie

77 4775 161 4831 ίυιιυεα
178 4784 359 4847 expeditionem
378 4789 463 4836 eontra
481 4786 564 4837 chios.
578 4789 615 4837 De
630 4786 737 4837 secum
746 4784 913 4850 expeditione,
933 4798 1008 4848 quani
1023 4790 1106 4837 linens
1116 4799 1164 4836 non
1181 4786 1369 4841 demeruerat,
1387 4783 1471 4846 paucis
1491 4782 1541 4846 agii
1558 4781 1665 4832 chaico-

78 4847 180 4911 fflffliias
192 4867 216 4916 p.
231 4857 287 4917 414,
300 4856 380 4907 insius
391 4856 529 4908 Senddinus
541 4863 569 4916 4,
579 4870 603 4921 p.
622 4860 733 4908 iio-178.
748 4857 785 4907 Gi.
800 4855 946 4906 Hammoni.
958 4855 975 4906 l.
993 4870 1017 4920 p.
1034 4860 1072 4919 13,
1087 4854 1213 4907 zmieisen
1224 4860 1248 4914 4,
1262 4866 1287 4916 p.
1302 4854 1341 4901 77.

104 4921 152 4969 iii.
164 4921 179 4986 ς
192 4929 212 4974 i.
225 4926 285 4976 Ἄνω
297 4926 406 4991 θρᾴκης]
418 4927 454 4976 sic
465 4941 533 4991 mgo;
547 4928 659 4991 Εὐρώπης
675 4930 734 4978 texi.
752 4928 764 4990 ss
774 4955 806 4963 -
821 4927 869 4991 §2
883 4926 1056 4991 παρακειμένη]
1071 4926 1106 4977 sic
1121 4939 1191 4988 rugo,
1204 4925 1344 4987 παρήκουσα
1357 4924 1421 4971 ient.
1437 4920 1507 4985 ii-§
1519 4925 1541 4971 θ.
1557 4920 1662 4986 χρυσὸν]

79 4984 111 5033 iit
120 4990 205 5041 Serniae
216 4995 323 5046 metaliis
334 4997 366 5046 ei.
377 4997 616 5061 Ghalcocondyiasp.
626 5001 682 5057 415,
698 4997 868 5053 condiamus
882 4997 913 5047 ad
925 4999 1019 5047 Ducam
1028 5009 1051 5060 p.
1064 5000 1118 5051 541.
1135 4997 1260 5045 iinmmer.
1271 5000 1294 5056 4,
1307 5006 1331 5056 p.
1345 4996 1373 5042 13
1383 4994 1434 5041 noi.
1452 4990 1463 5053 ΙΙ
1476 4990 1533 5054 -§
1552 4994 1576 5038 4.
1585 4991 1665 5053 αὐτῆς,

79 5054 129 5107 6)θέ
139 5060 165 5116 δὴ
174 5063 332 5128 καὶ]1ω1εεθ
346 5066 483 5117 discernis
497 5067 579 5133 incipit
588 5067 679 5118 codicis
693 5068 780 5132 pagina
793 5072 846 5118 135.
861 5068 959 5131 Paginae
978 5071 1093 5125 135144,
1107 5077 1164 5128 qun
1183 5064 1291 5114 mediam
1310 5065 1406 5125 partem
1419 5060 1591 5124 quaternionis
1607 5062 1666 5112 noni

80 5126 130 5189 (iil
142 5143 184 5194 iri>
198 5138 273 5188 suetis
290 5137 396 5189 sedecim
412 5138 506 5202 paginis
519 5140 618 5204 paginas
632 5138 717 5202 viginti
733 5137 823 5200 habet)
840 5137 1012 5196 constituunt,
1029 5135 1164 5201 majoribus
1183 5134 1262 5183 literis
1285 5131 1385 5199 scriptae
1401 5132 1460 5181 sunt
1470 5143 1547 5193 quarn
1558 5132 1663 5192 cetere,

82 5197 157 5250 titinio
169 5207 249 5257 autern
262 5208 354 5259 harum
371 5210 514 5273 paginmm
527 5213 564 5272 (p.
581 5208 641 5272 144)
659 5209 778 5272 majorem
789 5208 829 5258 sui
849 5210 946 5272 purtem
960 5206 1036 5258 habet
1051 5218 1164 5256 vacuom.
1181 5203 1268 5255 Scriba
1286 5203 1312 5252 in
1331 5201 1378 5251 hoc
1392 5200 1554 5264 quaicmionc
1570 5200 1664 5271 aliquid

80 5268 180 5324 ffl'ssisse
196 5276 301 5339 ridetur,
321 5279 389 5343 quod
406 5282 435 5330 ut
449 5280 610 5343 snppiereiur,
629 5282 746 5343 quattuor
762 5278 856 5343 paginis
873 5277 961 5329 mediis
973 5277 1034 5335 aiios
1054 5275 1182 5327 substituit
1201 5273 1301 5338 paginas
1315 5274 1387 5331 octo3
1405 5286 1469 5335 quas
1483 5276 1512 5323 ut
1534 5271 1663 5334 impleret,
