3842 6036
160 442 164 449 .
250 397 330 456 15⁸2

250 548 379 606 πειρασας
394 530 408 584 ὁ
424 533 470 585 τοῦ
481 525 610 605 βασιλέως
623 525 712 607 πατὴρ
724 527 769 588 καὶ
781 526 871 595 δπλοις
883 526 929 587 καλ
940 550 1027 607 μηχα-

250 616 308 682 ναῖς
321 614 490 694 πετροόολοις
503 612 549 674 καί
568 613 707 694 πολιορκίᾳ
725 623 829 694 μακρᾷ,
844 616 892 673 οὐκ
907 616 1031 687 ἠδυνήθη,

253 707 288 784 (δ’
312 696 373 782 οῦν)
387 703 458 780 ὅμως
480 705 562 762 ἑλεῖν·
575 701 658 769 οὕτως
681 703 823 782 ἀπόμαχον
842 693 885 774 ἦν.
929 705 961 778 (α)
979 702 1026 764 Ἐν

253 794 336 875 τούτῳ
350 794 434 852 τοίνυν
447 790 658 872 παραγενόμενος
672 795 686 849 δ
703 788 825 869 βασιλεὺς
836 791 882 849 καί
897 791 1027 869 θεασάμε-

251 906 293 951 νος
315 885 394 940 αὐτοῦ
411 881 481 940 τότε
501 880 611 959 ἐρυμνόν
629 878 677 939 καὶ
696 879 847 940 δυσάλωτον
868 879 914 940 καλ
928 880 1027 962 σρόδρα

254 971 416 1050 (ἀπόμαχον,Ι
439 971 488 1029 οάκ
513 968 622 1049 ἐγνώκει
645 970 699 1027 δεῖν
727 966 795 1036 όλως
822 970 963 1049 ἐπιχειρεῖν
988 972 1026 1050 τῷ

252 1060 363 1140 τοιούτῳ
377 1058 424 1118 καί
443 1061 531 1118 ποιεῖν
546 1057 678 1132 ἀνήνυτα,
697 1056 759 1116 σόδλ
770 1058 1026 1138 ’προσταλαιπωρεῖν

253 1147 300 1206 καὶ
326 1145 495 1226 κατατρίθειν
518 1145 567 1216 τήν
590 1143 719 1226 στρατιάν
743 1145 955 1225 παρακαθήμενον
980 1145 1028 1205 καί

251 1240 442 1316 πολιορκοῦντα
460 1235 570 1314 χρονίαν
591 1233 762 1314 πολιορκίαν,
780 1234 827 1294 καί
844 1234 960 1313 σώματα
978 1234 1027 1295 καὶ

252 1326 381 1404 χρήματα
392 1324 538 1383 ἀπολλύναι
551 1324 655 1400 μάτην,
671 1323 726 1386 ἐνδν
740 1326 813 1407 ἀλλῳ
826 1349 865 1405 τῳ
878 1324 968 1405 τρόπῳ
982 1331 1029 1384 τοῦ

250 1436 279 1473 τε
305 1414 398 1481 ἄστεος
416 1411 463 1473 καί
484 1418 533 1485 τ’ής
549 1410 640 1493 χώρας
656 1412 759 1481 ἀπόνως
780 1437 811 1473 τε
823 1413 870 1473 καί
884 1412 1026 1481 ἀκινδύνως

251 1512 365 1582 κρατεῖν.
408 1501 442 1583 (ε)
456 1501 509 1560 Διά
522 1506 600 1562 τοῦτο
617 1501 798 1582 ἐπιτειχισμὸν
813 1503 900 1571 αὐτοῖς
916 1500 1027 1579 ἐγνώκει

250 1591 303 1650 δεῖν
338 1588 550 1662 κατασκευάσαι,
579 1587 631 1667 καί,
651 1592 772 1670 ιρρούριον
799 1589 892 1669 ἐχυρόν
917 1591 1027 1649 ἐνταῦθα

252 1679 367 1759 τειχίσαι
381 1680 407 1739 ἐν
422 1679 491 1757 μέση
506 1700 540 1757 τη
560 1677 656 1759 χώρᾳ,
673 1676 719 1737 καί
741 1677 866 1757 στρατιάν
889 1679 983 1748 ἱκανήν
999 1679 1025 1736 ἐν

252 1769 323 1847 αύτῷ
337 1766 510 1840 καταλιπεῖν,
525 1764 567 1824 ἀεί
579 1765 793 1846 κατατρέχουσαν
808 1764 854 1827 καί
864 1764 1025 1844 ληιζομίνην

250 1855 298 1916 καί
314 1857 439 1933 μηδαμοῦ
456 1856 542 1913 ἐῶσαν
554 1851 614 1921 τούς
627 1852 770 1935 Ἰλλυριοὺς
784 1853 969 1934 ἐξιρχομίνους
978 1858 1025 1913 τοῦ

250 1945 341 2010 ἄστεος
355 1940 437 2013 ἢτίύν
451 1943 518 2020 ἀρῶν
531 1941 741 2021 κατερχομένους
760 1944 918 2024 ἐργάζεσθαι
932 1939 950 2013 ή
963 1964 1025 2001 ποι·

251 2028 352 2109 μαίνειν
364 2029 382 2100 ἢ
393 2028 481 2105 νίμειν
495 2027 512 2099 ή
532 2028 598 2088 ἀλλο
611 2052 637 2087 τι
651 2030 751 2105 ποιεῖν,
768 2032 827 2089 ἀλλ’
842 2027 884 2089 ἀεί
903 2052 1021 2090 κατακε-

251 2119 419 2195 κλεισμένους
431 2141 460 2177 τε
472 2116 518 2177 καί
527 2122 742 2186 κακοπαθοῦντας
755 2119 952 2197 ἀναγκασθῆναί
961 2141 1025 2178 ποτε

252 2206 298 2267 καλ
321 2205 452 2281 ξυμόῆναι
466 2209 504 2285 τῷ
520 2207 635 2285 βασιλεῖ.
681 2206 715 2286 (ι)
730 2206 906 2288 Διερχύμενος
919 2196 963 2265 οῦν
977 2207 1025 2279 τήν

250 2295 341 2375 χώραν
352 2293 504 2366 ἐπιζητήσει
515 2293 613 2375 χωρίου
624 2294 763 2374 ἐπικαίρου
775 2299 801 2363 ἐς
808 2295 954 2375 τειχισμὸν,
968 2287 1026 2374 εύρε

249 2387 366 2451 παλαιᾶς
380 2385 482 2451 πολεως
498 2382 563 2463 ἴχνη
587 2382 634 2442 καί
650 2383 785 2461 θεμελίους
804 2386 831 2443 ἐν
853 2383 983 2464 ἐπικαίρῳ
997 2408 1027 2445 τε

250 2478 298 2545 τῆς
320 2473 410 2552 χώρας
432 2471 555 2549 κειμένης
570 2470 616 2530 καὶ
639 2471 749 2551 ἀρίστης
761 2495 790 2531 τε
811 2471 858 2531 καί
881 2472 1026 2545 καλλίστης

251 2562 411 2642 φαινομένης
424 2551 492 2620 εἶναι
507 2559 537 2618 τὸ
550 2558 680 2619 παλαιόν·
695 2559 795 2633 ταύτην
810 2559 879 2636 έγνω
892 2560 1024 2640 τειχίζειν·

249 2648 296 2709 καὶ
320 2648 463 2730 ἀρξάμενος
485 2648 634 2728 ἀρχομένου
658 2647 745 2729 θέρους
770 2647 841 2729 χειρί
866 2650 953 2727 πολλῇ
980 2647 1026 2707 καλ

249 2739 351 2818 σπουδῇ
366 2737 536 2818 καλ’··δαπάνη
555 2736 691 2818 φιλοτιμία
704 2760 734 2796 τε
753 2737 800 2798 καὶ
818 2736 961 2817 ἐπιστασία
976 2740 1026 2816 βα·

250 2829 338 2907 σιλικῗΙ
362 2826 425 2907 (καί
439 2825 490 2908 γάρ
503 2830 592 2905 παρῆν
606 2850 636 2886 τε
651 2826 729 2893 αὐτὸς
742 2831 883 2908 πανταχοῦ
897 2829 936 2908 τῷ
955 2825 1025 2908 έργῳ

250 2913 350 2975 ἐκαστα
362 2914 531 2993 ἐξηγούμενός
549 2937 577 2973 τι
594 2915 641 2974 καί
657 2914 826 2995 ἐπισπέρχων
841 2914 952 2989 πάντας,
968 2913 1026 2982 τοῦς

249 3003 297 3081 μίν
309 3003 407 3083 λόγοις,
418 3002 477 3071 τοδς
487 3002 516 3061 δέ
530 3000 576 3061 καί
590 3001 712 3083 χρήμασι
728 3001 799 3082 (καί)
818 3001 1026 3083 προθυμοτέρους

250 3095 276 3159 ἐς
289 3098 365 3150 τοῦτο
379 3093 491 3169 ποιῶν),
505 3089 568 3171 πρὶν
584 3092 615 3150 τὸ
629 3091 701 3170 θέρος
714 3090 775 3149 όλον
797 3088 898 3161 ἐξήκειν
917 3092 1025 3169 τειχίζει

248 3180 279 3238 τό
302 3181 440 3260 φρούριον,
464 3180 539 3259 ἔργον
560 3179 639 3257 λόγου
657 3178 704 3238 καί
719 3178 852 3254 θαύματος
873 3177 958 3252 ἀξιον,
979 3178 1025 3237 καί

251 3266 386 3337 ζυνοικίζει
399 3272 478 3326 τοῦτο
497 3268 601 3337 καλῶς,
621 3266 759 3345 οἰκήτορας
778 3264 928 3344 ξυναγαγὼν
950 3266 1026 3323 πλεί-

250 3377 325 3421 στους
343 3354 418 3422 όσους
431 3354 484 3413 ἀπδ
497 3358 550 3413 τῶν
567 3353 642 3433 πέριξ
660 3354 740 3412 αὐτοῦ
754 3356 848 3431 χωρῶν
872 3352 919 3411 καλ
938 3351 1026 3411 τόπων

250 3440 296 3500 καί
320 3442 432 3502 πόλεων.
478 3440 509 3521 (ο)
536 3439 646 3519 Ἔσάγει
671 3440 698 3499 δέ
713 3439 760 3499 καί
786 3439 886 3510 πολλήν
902 3441 1025 3520 ἀφθονίαν

249 3532 300 3587 τῶν
323 3530 473 3610 ἀναγκαίων
497 3528 543 3588 καί
569 3531 595 3596 ἐς
618 3527 717 3609 τρορὴν
745 3526 899 3600 ἐπιτηδείων
922 3527 968 3587 καὶ
985 3535 1026 3588 θε·

250 3618 361 3699 ραπείαν
386 3619 472 3677 αὐτῶν
500 3616 547 3677 καί
574 3625 663 3676 πᾶσαν
697 3615 780 3688 ἀλλην
813 3615 971 3697 αὐτάρκειάν
996 3639 1026 3676 τε

249 3706 295 3765 καί
309 3707 401 3787 χρείαν
422 3707 539 3787 δαψιλῶς
561 3704 782 3781 ἑτοιμασάμενος·
796 3702 835 3762 ἔτι
849 3704 876 3764 δέ
895 3704 941 3764 καί
955 3702 1025 3763 όπλα

248 3795 336 3854 πολλά
349 3795 466 3869 ἐντίθησι
481 3794 526 3854 καί
549 3793 672 3874 μηχανὰς
694 3792 867 3872 πετροβόλους
890 3792 937 3854 καὶ
960 3796 1025 3875 ἀρε·

248 3886 327 3966 τήρια
342 3886 389 3946 καὶ
406 3886 533 3959 πλείστην
549 3884 632 3957 ἀλλην
656 3883 806 3960 οἰκονομίαν
830 3882 919 3943 τεκαὶ
937 3907 1027 3963 παρα·

251 3974 346 4043 σκευὴν
357 3978 410 4033 τῶν
424 3979 449 4041 ἐς
456 3973 501 4032 τόν
515 3972 644 4051 πόλεμον,
657 3971 703 4032 καί
715 3973 881 4042 ἐπιοκευάζει
895 3976 971 4033 τοῦτο
984 3972 1027 4031 διά

249 4062 356 4123 πάντυιν
371 4064 458 4129 καλῶς
471 4086 500 4120 τε
516 4060 562 4120 καί
575 4059 666 4141 ὥσπερ
686 4060 717 4120 ἀν
738 4064 761 4120 εί
782 4063 812 4121 ού
826 4060 886 4121 τότε
907 4064 1027 4143 πρῶτον,

250 4151 320 4210 ἀλλά
329 4152 435 4218 πολλοῖς
444 4149 514 4211 ἔτεσι
523 4149 646 4230 πρότερον
655 4150 805 4228 οἰκούμενον
815 4141 856 4222 ἦν,
866 4150 912 4210 καί
922 4152 1026 4210 πάντων

249 4243 302 4300 τῶν
317 4242 344 4298 ἐν
358 4239 437 4320 χρείᾳ
457 4238 504 4298 καί
527 4238 677 4317 ἀναγκαίων
698 4239 856 4318 ηὖμοιρήκει
877 4238 1022 4306 πλουσίοις.

671 392 870 457 CRITOBULI
891 396 1149 460 ilistonmnnnt
1171 398 1244 459 Llss.
1266 398 1303 487 ll,
1327 401 1427 460 telo.

1082 530 1117 606 (n)
1160 528 1325 590 Καταλείπει
1339 530 1366 588 δὲ
1382 529 1428 590 καί
1450 531 1565 612 ρρουρλν
1581 533 1605 598 ἐς
1620 530 1684 590 αὐτὸ
1697 528 1790 601 ίκανιλν
1805 529 1852 588 ἀν·
1916 594 1917 615 γ

1083 618 1144 698 δρας
1169 617 1352 697 τετρακοσίους
1375 622 1428 679 τῶν
1452 617 1504 678 ἀπὸ
1530 624 1577 691 τῆς
1597 620 1664 688 ἰδίας
1685 623 1767 691 αὐλῆς
1793 619 1853 687 τοῦς
1916 632 1917 693 3

1083 705 1289 785 μαχιμωτάτους
1311 705 1401 766 τεκαὶ
1418 707 1647 786 εὐρωστοτάτους,
1668 708 1810 788 σατράπην
1824 733 1853 769 τε

1081 794 1207 874 τῇχύνρορ
1221 792 1268 853 καί
1282 794 1431 875 στρατηγὸν
1444 794 1514 872 μετδι
1528 805 1653 875 στρατιᾶς
1667 798 1760 868 ἱκανῆς
1774 796 1855 874 ἄνδρα

1081 882 1125 942 τὸν
1149 880 1255 962 ἀριστον
1270 885 1323 940 τῶν
1337 885 1401 962 παρ’
1416 882 1489 963 αὐτῷ
1512 882 1558 941 καί
1573 883 1641 943 πάνυ
1665 883 1855 961 στρατηγικὸν,

1081 969 1124 1028 ίνα
1138 971 1290 1051 κατατρέχῃ
1311 969 1357 1029 καί
1372 975 1456 1051 πορθῇ
1477 979 1566 1029 πᾶσαν
1582 971 1630 1043 τήν
1645 970 1782 1049 Ἰλλυριῶν
1798 969 1855 1038 ξων·
1916 1024 1917 1033 ,

1081 1063 1148 1137 εχῦνς
1173 1082 1202 1117 τε
1221 1057 1268 1118 καί
1290 1058 1455 1133 ἀδιακόπως,
1476 1057 1523 1117 καί
1548 1060 1578 1118 τό
1599 1059 1667 1118 ἀστυ
1687 1063 1734 1117 τοῦ
1760 1061 1856 1137 Κροῦες
1916 1056 1917 1097 ί

1081 1149 1218 1227 πολιορκῇ.
1259 1147 1290 1227 (7)
1308 1145 1415 1227 Πράζας
1429 1145 1457 1205 ii
1468 1152 1553 1207 ταῦτα
1566 1151 1581 1207 ό
1594 1146 1716 1227 βασιλεὺς
1728 1145 1775 1205 καί
1785 1146 1856 1206 λείαν

1081 1235 1178 1305 ἐλάσας
1192 1234 1233 1296 ότι
1247 1235 1347 1306 πολλὴν
1362 1234 1439 1300 αὖτὀς
1453 1236 1624 1314 ἀνδραπόδων
1639 1258 1668 1294 τε
1682 1233 1729 1294 καὶ
1755 1239 1852 1312 βοσκη·

1083 1325 1190 1405 μάτων,
1201 1325 1249 1386 καλ
1262 1330 1296 1406 τῇ
1308 1334 1420 1406 στραπᾷ
1431 1324 1553 1403 διαδοὺς,
1563 1324 1681 1385 ἐπάνεισι
1693 1324 1857 1404 φθινοπώρου

1082 1414 1152 1481 έςτδ
1170 1414 1313 1483 Μάντιον
1325 1413 1373 1473 καὶ
1397 1412 1524 1495 τέταρτον
1552 1412 1645 1485 δήκαὶ
1663 1412 1860 1489 ἐῦδομηκοστθν

1082 1499 1141 1569 ίτος
1153 1502 1219 1581 πρὸς
1237 1503 1291 1569 τοῖς
1307 1500 1467 1570 ἐννακοσίοις
1490 1525 1520 1561 τε
1539 1500 1586 1562 καί
1600 1501 1788 1581 ίζακισχιλίοις
1806 1506 1858 1567 τοῖς

1082 1590 1151 1657 ὅλοις
1162 1590 1273 1662 ἠνύετο,
1286 1589 1362 1650 ἕκτον
1376 1588 1405 1649 δλ
1418 1590 1466 1650 καί
1479 1590 1591 1651 δέκατον
1601 1594 1649 1663 τ’ής
1662 1593 1749 1671 ἀρχῆς
1760 1592 1801 1670 τῷ
1815 1594 1859 1669 βα-

1082 1681 1159 1739 σιλεῖ.

1123 1766 1207 1827 ΧΙΙῘ.
1222 1767 1279 1826 Τοῦ
1298 1767 1376 1827 αὐτοῦ
1395 1765 1558 1847 φθινοπώρου
1577 1763 1726 1845 ἀρχομένου
1745 1765 1800 1837 ήδη
1814 1764 1859 1825 καί

1082 1854 1187 1917 Ἐνιτολ
1203 1854 1379 1933 ἐστράτευσαν
1398 1853 1443 1913 ἐπί
1463 1853 1575 1931 Πάτρας
1593 1855 1641 1923 τῆς
1653 1847 1765 1931 Ἀχαίας
1784 1852 1860 1911 eniri

1082 1967 1112 2002 τε
1126 1942 1322 2024 τεσσαράκοντα
1345 1940 1392 2000 καί
1409 1941 1545 2021 δισχιλίοις
1566 1940 1702 2013 ὁπλίταις,
1725 1938 1773 1998 καλ
1791 1942 1859 2000 ἀπο-

1083 2032 1175 2098 όάντες
1197 2030 1364 2110 ἐπολιόρκουν
1383 2029 1431 2101 τήν
1449 2030 1543 2103 πόλιν,
1558 2028 1649 2108 κύκλῳ
1668 2027 1856 2108 περιλαόάντες

1082 2121 1162 2193 αύτλν
1180 2122 1218 2197 τῷ
1233 2121 1338 2198 στρατῷ
1352 2116 1399 2176 καί
1411 2116 1534 2198 μηχανάς
1546 2116 1739 2188 ἐπιστήσαντες
1757 2140 1855 2199 πετρο·

1085 2209 1189 2276 ὄολους.
1217 2199 1299 2286 Εἶχον
1325 2205 1352 2266 δδ
1383 2208 1431 2266 καί
1459 2230 1532 2274 τινας
1556 2209 1608 2264 τῶν
1634 2205 1857 2278 Πελοποννησίων

1082 2297 1296 2377 ξυμμαχοῦντας,
1326 2293 1417 2362 οἵτινες
1445 2294 1497 2374 πρδ
1523 2298 1618 2371 μικροῦ
1650 2296 1698 2352 τοῦ
1730 2294 1859 2372 βασιλέως

1082 2385 1245 2451 ἀποστάντες
1261 2382 1418 2464 προσέθεντο
1438 2385 1536 2449 αὐτοῖς.
1552 2379 1739 2469 Ἐπολιάρκουν
1754 2371 1802 2440 οὖν
1816 2380 1860 2441 ἐπὶ

1081 2476 1192 2540 πολλαῖς
1213 2471 1324 2551 ἡμέραις
1342 2470 1547 2551 περικαθήμενοι
1565 2469 1647 2540 αὗτήν
1665 2468 1710 2528 καί
1726 2467 1758 2528 τό
1772 2477 1862 2550 τεῖχος

1083 2566 1324 2641 καταρριπτοῦντες
1342 2564 1400 2628 ταῖς
1422 2563 1564 2638 μηχαναῖς.
1609 2557 1643 2636 (ε)
1657 2555 1773 2635 ’λμάρης
1797 2558 1862 2620 δέό

1084 2649 1285 2722 Πελοποννήσου
1295 2648 1434 2728 σατράπης
1440 2644 1704 2725 στρατιάνυθπολλήν
1716 2645 1787 2724 ἔχων
1799 2648 1860 2724 μεθ’

1083 2733 1860 2818 ἱαυτοῦ,παρετήρειαάτοδςἐξωθενλοχῶντειιαίέντδρεύων,

1082 2828 1106 2887 εί
1118 2852 1175 2894 πως
1189 2832 1281 2906 καιροῦ
1295 2826 1440 2902 λαῦόμενος
1454 2823 1660 2904 ἀπροσδοκήτοις
1673 2823 1799 2895 ἐπίθηται
1813 2826 1858 2884 αιί·

1082 2920 1146 2983 τοῖς.
1161 2907 1227 2995 Εἶχε
1243 2914 1270 2974 δέ
1284 2914 1331 2974 καί
1346 2913 1459 2979 σκοπούς
1475 2913 1588 2972 ἀπὸτοῦ
1602 2910 1668 2978 Βοός
1682 2909 1757 2989 όρους
1772 2912 1860 2971 πάντα

1081 3003 1296 3081 καταθεωμένους
1305 3000 1340 3060 τδι
1351 3001 1473 3081 δρώμενα
1486 3002 1512 3059 ἓν
1523 3004 1561 3081 τῷ
1573 3000 1745 3079 στρατοπέδῳ
1754 2999 1802 3058 καί
1819 3003 1861 3080 ἀγ·

1081 3094 1221 3170 γε’λλοντας
1229 3093 1313 3171 αὐτῷ.
1327 3090 1453 3158 Φυλάζας
1462 3081 1506 3149 οῦν
1519 3088 1609 3168 καιρὸν
1618 3087 1710 3169 αἴφνης
1717 3086 1861 3148 ἀπιτίθετει

1082 3183 1179 3253 αὐτοῖς,
1185 3180 1231 3241 καί
1236 3179 1407 3251 καταπλήξας
1418 3184 1456 3261 τῷ
1466 3178 1553 3259 ἀθρόῳ
1564 3182 1611 3251 τῆς
1616 3175 1759 3245 ἐπιθέσεως
1765 3176 1859 3257 τράπε-

1081 3294 1127 3329 ται
1142 3268 1188 3328 καί
1206 3267 1367 3328 καταδιώκει
1376 3268 1455 3347 μέχρι
1469 3267 1602 3338 θαλάσσης
1609 3273 1690 3347 σρῦς,
1709 3265 1820 3325 κτείνων
1833 3289 1860 3324 τε

1083 3356 1250 3436 καίζωγρῦιν
1276 3353 1393 3432 ἀνοικτί,
1406 3354 1455 3422 ἕως
1469 3357 1494 3420 ἐς
1506 3352 1554 3420 τάς
1565 3357 1628 3419 ναῦς
1642 3350 1688 3411 καί
1702 3350 1753 3424 τὴν
1766 3354 1861 3412 θάλατ·

1086 3468 1135 3504 σαν
1153 3446 1234 3518 αθτὴν
1253 3444 1374 3511 ἀτάκτως
1392 3441 1485 3502 τεκαὶ
1507 3441 1549 3510 ξὺν
1570 3439 1655 3499 οὐδενί
1669 3438 1766 3523 κόσμῳ
1782 3443 1861 3501 ἐλαυ-

1082 3531 1215 3610 νομένους,
1230 3530 1274 3591 ἐπί
1289 3530 1406 3610 κεφαλήν
1420 3530 1558 3601 ὠσθέντες,
1572 3527 1706 3588 inituim.
1737 3528 1774 3609 (ε)
1789 3528 1861 3589 Ἀπί·
1916 3552 1917 3563 ’

1084 3624 1159 3678 θανον
1174 3619 1216 3692 δὲ,
1230 3623 1265 3684 ὡς
1277 3616 1395 3693 ἐλέγετο,
1414 3617 1476 3697 περὶ
1493 3616 1642 3686 ἑξακοσίους
1655 3638 1706 3673 που
1726 3616 1860 3694 μάλιστα,
1916 3656 1918 3679 ι

1916 714 1918 737 ι

1916 744 1917 775 i

1916 868 1917 881 ι

1916 886 1917 919 i

1916 974 1917 1007 i

1083 3706 1233 3789 ἐλήφθησαν
1247 3704 1275 3766 δὲ
1290 3705 1335 3764 καὶ
1351 3710 1444 3775 ζῶντες
1459 3705 1540 3784 ὀλίγῳ
1553 3703 1658 3769 πλείους
1680 3707 1732 3762 τῶν
1749 3703 1861 3778 ἑκατόν,
1916 3690 1918 3713 ’

1084 3798 1132 3856 οὐκ
1145 3795 1229 3874 όλίγοι
1240 3794 1268 3854 δὲ
1283 3795 1370 3853 αὐτῶν
1383 3792 1428 3853 καί
1439 3792 1630 3870 ἀπεπνίγησαν·
1645 3790 1800 3870 βιαζόμενοι
1812 3792 1861 3869 γάρ

1086 3884 1137 3945 ύπδ
1157 3887 1208 3943 τῶν
1233 3884 1346 3943 ὁπλιτῶν
1372 3879 1418 3940 καί
1438 3879 1607 3956 ἐλαυνόμενοι
1629 3878 1796 3957 πανταχόθεν
1819 3879 1860 3947 ξύν

1083 3980 1138 4041 τοῖς
1154 3972 1247 4039 όπλοις
1267 3969 1453 4049 ἐπέόαινοντῇ
1478 3969 1615 4045 θαλάσση,
1641 3971 1676 4034 ὡς
1691 3968 1716 4033 ἐς
1728 3966 1780 4036 τάς
1801 3973 1863 4036 ναῦς

1091 4060 1287 4139 διανηξόμενοι,
1301 4058 1347 4120 καί
1366 4057 1538 4139 βαρυνόμενοι
1558 4064 1611 4122 τοῖς
1624 4054 1715 4122 όπλοις
1737 4079 1864 4115 κατεπον-

1086 4150 1196 4218 τίζοντο.
1241 4151 1275 4226 (ι)
1289 4146 1405 4228 Ἀμάρης
1427 4146 1455 4203 δὲ
1470 4142 1615 4211 σκυλεύσας
1629 4141 1689 4210 τούς
1712 4165 1741 4201 τε
1758 4145 1863 4223 νεκροὺς

1085 4234 1131 4295 καί
1145 4235 1174 4295 τό
1190 4236 1366 4316 στρατόπεδον
1389 4233 1474 4305 άπαν,
1493 4232 1622 4313 χρήματά
1635 4252 1665 4288 τε
1687 4231 1780 4290 πολλά
1803 4234 1864 4291 ἔλα·
1916 4272 1917 4309 γ

251 4346 1864 4373 Μ

250 4417 308 4467 edd.
319 4431 385 4482 negor
403 4418 413 4481 ΙΙ
423 4443 457 4456 -
473 4416 489 4481 §
503 4421 528 4468 3.
537 4416 597 4480 δεῖν]
615 4415 715 4479 additur
730 4430 805 4480 supro
817 4429 926 4467 remum.
940 4414 950 4479 ΙΙ
961 4414 1020 4479 -§
1035 4416 1168 4471 4.πα“ιαιᾶς
1179 4412 1283 4477 πόλεως]
1292 4414 1430 4475 Scampsae‚
1442 4424 1499 4473 qum
1511 4422 1562 4460 see.
1577 4408 1705 4458 ltinernrie
1720 4407 1779 4459 sitm
1798 4412 1866 4459 erent

1916 4134 1918 4149 i

251 4488 294 4538 nii
306 4501 372 4538 nune
381 4490 420 4538 eet
433 4487 573 4538 Είθαοεαιε.
594 4486 604 4551 ΙΙ
619 4517 648 4528 -
663 4487 679 4552 §
693 4493 714 4537 5.
727 4487 865 4545 ἐπιτηδείων
879 4491 904 4536 et
916 4485 1004 4535 deinde
1026 4485 1128 4543 ἐντίθησι
1144 4483 1201 4534 edd.
1217 4480 1282 4547 tngo.
1302 4485 1313 4546 ll
1326 4509 1359 4519 -
1372 4481 1525 4546 ηῦμοιρήιιει]
1540 4493 1638 4543 mergo,
1649 4480 1759 4543 ηύμοίρει
1780 4484 1838 4530 text.
1853 4478 1864 4541 ή
1916 4482 1917 4539 l

250 4558 308 4620 -§
322 4564 345 4608 it.
361 4556 506 4621 στρατηγὸν]
520 4557 661 4614 Πειλάπανος
672 4559 776 4607 vocetur
786 4570 808 4607 c.
825 4560 861 4613 te.
878 4560 899 4606 t.
914 4554 1041 4607 Bolerion
1053 4554 1171 4614 Badera,
1187 4555 1285 4605 natione
1296 4553 1420 4614 Albanus,
1431 4554 1473 4616 qui
1488 4566 1549 4617 puer
1561 4565 1576 4601 a
1589 4550 1677 4601 Turois
1692 4553 1784 4614 ceptus
1798 4553 1863 4607 eret,

250 4630 277 4679 in
293 4629 516 4693 constantinopolis
539 4629 718 4693 expugnatione
741 4626 836 4690 primus
854 4627 880 4676 in
899 4639 999 4676 murum
1013 4625 1081 4676 urbis
1096 4624 1236 4675 ascendisse
1250 4624 1343 4687 fertur,
1360 4627 1475 4675 narrante
1495 4623 1608 4673 Berletio.
1630 4621 1641 4684 ll
1662 4648 1694 4658 -
1712 4628 1823 4685 συνεχῶς
1836 4637 1860 4670 ιι

250 4706 291 4753 καὶ
309 4703 365 4754 adi.
385 4702 450 4768 πορθ.
463 4703 474 4766 ll
492 4727 523 4740 -
534 4700 549 4765 θ
559 4705 582 4753 7.
597 4699 921 4765 rimprov]mgo‚rre‘prrrm
939 4700 998 4748 tert.

282 4777 349 4826 xiii.
368 4777 406 4825 Do
418 4788 445 4824 re
455 4774 506 4824 viil.
517 4777 580 4825 Μαι.
592 4775 684 4825 Sanute
693 4786 718 4836 p.
735 4774 793 4820 1183
811 4773 836 4819 et
849 4771 954 4819 lettera
965 4769 1029 4819 d'no
1041 4769 1184 4818 secretorio
1200 4782 1225 4831 p.
1242 4766 1415 4817 memnone
1433 4763 1577 4828 Barbarigo,
1591 4762 1770 4813 veneticorum
1781 4762 1864 4827 copie-

253 4859 309 4897 rum
324 4846 349 4897 in
361 4847 529 4911 Peloponneso
549 4846 609 4905 dux,
632 4845 664 4895 eb
677 4842 776 4903 omerio
796 4839 922 4903 equitibus
940 4838 1067 4902 repentino
1087 4836 1181 4902 impetu
1196 4850 1328 4901 oppressos
1346 4839 1421 4901 etque
1432 4836 1485 4901 ipse
1500 4839 1586 4898 ceptus
1606 4836 1632 4883 ot
1646 4832 1729 4882 Petris
1746 4834 1865 4897 supplicio

253 4919 357 4970 enectos
381 4921 428 4971 est.
452 4917 554 4969 cladem
581 4917 646 4967 hone
663 4916 762 4966 ulturus
784 4927 841 4964 eom
862 4913 939 4961 classe
953 4911 1021 4960 venit
1033 4910 1119 4961 Victor
1135 4909 1234 4973 anollo
1255 4908 1409 4967 navarchus,
1430 4905 1488 4969 qul,
1503 4904 1579 4967 copiis
1592 4902 1712 4967 expositio
1728 4904 1865 4966 proeiioqne

255 4990 402 5050 commisso,
421 4989 474 5053 ipee
488 5001 586 5052 quoqne
597 4986 679 5038 rietus
695 4988 734 5036 est
747 4987 773 5035 et
786 4996 851 5048 tegre
865 4982 898 5032 nd
912 4995 989 5032 naves
1005 4994 1032 5031 se
1052 4980 1146 5044 reoep‘rt
1156 4984 1182 5030 et
1199 4981 1224 5030 in
1238 4978 1355 5030 Euboeom
1369 4977 1495 5042 protectus
1506 4973 1589 5039 penllo
1606 4976 1662 5037 post
1676 4973 1757 5023 ritem
1777 4973 1862 5023 linivit.

253 5059 389 5111 Phrentnee
400 5074 425 5125 p.
444 5064 490 5111 425
508 5059 539 5110 de
551 5059 591 5110 liis
610 5069 732 5122 exponens
746 5054 871 5117 lierberigi
887 5066 936 5102 non
948 5051 1076 5114 meminit,
1089 5051 1216 5101 Victorem
1237 5053 1320 5099 eutem
1337 5047 1461 5111 capellam
1479 5057 1564 5109 agrum
1589 5044 1735 5092 Petrensem
1754 5047 1864 5092 vastasse

253 5134 278 5179 et
290 5133 404 5180 omerem
418 5131 504 5195 proeiio
513 5131 602 5181 vicisse
611 5128 708 5187 narret,
729 5126 837 5176 victores
851 5123 940 5174 deinde
954 5122 1041 5173 ardore
1052 5122 1128 5172 nimio
1141 5121 1238 5171 ablatos
1251 5120 1349 5169 hostem
1361 5121 1505 5182 persecutos
1515 5126 1570 5164 esse
1583 5126 1663 5176 neque
1675 5111 1709 5194 ed
1727 5112 1861 5165 sibdiien

253 5203 278 5250 et
289 5203 397 5250 montem
413 5200 587 5261 stromensem
600 5201 653 5264 ejus
673 5211 732 5248 νστο
746 5194 919 5262 ὶιιιρτυθειιῐῖω
935 5207 1020 5258 poenes
1032 5192 1141 5254 dedisse;
1154 5205 1212 5242 nem
1231 5203 1376 5241 conversum
1388 5192 1503 5238 omanem
1519 5187 1545 5235 et
1557 5184 1658 5234 turham
1674 5184 1864 5247 meompositem

253 5270 405 5320 odorinmrd
417 5284 579 5335 rimosusque
591 5271 709 5334 repulisse
718 5271 915 5333 (λυμαίνοιτο.
930 5267 1016 5331 6975).
1032 5293 1062 5305 -
1076 5265 1191 5316 διίστατο
1198 5262 1284 5313 vietor
1292 5261 1389 5326 capelia
1399 5261 1530 5322 antequam
1540 5256 1625 5305 Patres
1635 5253 1741 5315 veniret,
1754 5254 1864 5305 imnum
