3842 6036
368 521 617 585 MEGHEMETIS
641 524 770 587 ANNUS
791 526 872 587 vlll.
894 528 975 589 6966
997 526 1239 607 (1115711581).
1262 526 1322 607 st).
1588 532 1647 593 {25

46 677 74 717 τε
89 655 216 727 ξυνθηειῶν
229 653 275 714 καὶ
290 656 437 735 διαλλαγῶν
449 653 497 716 καλ
509 654 633 725 ἐνδόσεως
642 661 691 729 τῆς
701 657 811 726 πόλεως.
869 660 984 738 σύμενος
998 658 1045 719 καί
1061 658 1178 736 τιμήσας
1194 657 1254 726 τοὺς
1273 657 1386 739 ἀγαθούς
1404 658 1536 720 ἐπιδόσεσί
1557 682 1585 719 τε
1602 661 1649 720 καλ

49 745 122 806 unis
135 741 259 823 βασιλεῦς
272 741 375 823 δίχεται
392 742 438 802 ἐπὶ
448 741 566 819 τούτοις,
578 744 624 804 καὶ
637 744 729 805 δίδωσι
741 747 813 827 αὐτῷ
869 746 1003 826 ἀξιώμασι
1015 749 1060 808 καί
1074 750 1168 828 ἀρχαῖς
1181 747 1227 808 καί
1238 750 1345 816 πολλοῖς
1359 748 1466 817 ἀλλοις·
1480 748 1515 830 (ν)
1531 748 1608 819 αῦτδς
1619 748 1649 809 δέ

47 831 128 891 τιστιί.
168 830 201 913 (ε)
217 830 253 893 ‘0
271 830 299 891 δέ
313 830 421 901 ἐξελθδιν
435 835 550 892 ποιεῖται
571 832 697 905 ξυνθήκας
714 856 744 893 τε
766 836 812 894 καὶ
870 835 935 915 ἄρας
958 839 989 895 ἐκ
1015 835 1156 917 Κορίνθου,
1180 835 1344 918 φθινοπώρου
1366 837 1514 916 ἀρχομένου
1536 837 1574 915 (τὸ
1596 836 1650 918 γάρ

47 921 150 987 σκννδάς
163 919 233 999 μετά
250 925 295 980 τοῦ
314 921 444 1001 βασιλίως
465 922 511 981 καί
535 921 715 1001 παραδίδωσιν
739 926 811 1002 αὐτῷ
869 923 941 1004 θίρος
954 924 1006 997 ήδη
1021 925 1228 1006 τετελευτήκει),
1238 923 1306 1004 μστιί
1320 949 1348 984 τε
1363 930 1411 998 τῆς
1423 927 1491 994 ἰδίας
1505 928 1588 998 αὐλῆς
1601 925 1650 986 καί

46 1009 91 1081 τήν
101 1032 129 1069 τε
142 1009 218 1069 πόλιν
231 1012 276 1068 καί
291 1010 336 1068 τὸν
351 1008 544 1090 Ἀκροκόρινθον
565 1010 612 1070 καί
633 1010 693 1080 τοὺς
714 1015 811 1093 Κοριν·
868 1037 946 1074 τινων
958 1015 1010 1074 τῶν
1025 1015 1053 1071 ἐν
1063 1014 1150 1087 πελεν,
1161 1013 1241 1083 ἐξεισι
1251 1018 1297 1073 τοῦ
1311 1013 1490 1091 Ἰσθμοῦ,καί
1500 1016 1648 1096 ἀφικνεῖται

47 1098 245 1177 θίωςμίνυντας
255 1099 296 1180 ἀφ’
309 1088 347 1164 οἷς
360 1097 452 1177 ἐχουσε
465 1103 518 1166 σῶς
531 1099 577 1159 καὶ
587 1105 679 1160 κακῶν
692 1102 810 1175 ἀπαθεῖς,
869 1099 913 1160 διδ
927 1104 980 1161 τῶν
994 1102 1127 1182 Μεγίρων
1147 1100 1233 1169 ἐςτδις
1247 1101 1365 1175 Ἀθήνας.
1407 1103 1443 1183 (ο)
1458 1105 1573 1185 Κατεῖχε
1595 1103 1648 1184 γδιρ

48 1186 124 1267 φόρου
146 1187 173 1245 δέ
196 1185 270 1261 μόνον
291 1187 440 1257 ὑποτελεῖς,
463 1186 556 1246 ἔπειτα
585 1186 631 1247 καί
654 1198 742 1249 πᾶσαν
766 1189 813 1260 τήν
872 1188 950 1249 αύτδν
965 1188 1029 1270 ἔρως
1043 1189 1154 1271 σφοδρδς
1167 1194 1215 1262 τῆς
1226 1214 1256 1251 τι
1268 1193 1370 1261 πόλεως
1384 1191 1483 1264 ταύτης
1497 1191 1649 1261 καὶτῶνέν

49 1274 136 1353 χώραν
157 1272 374 1349 Πελοποννήσου,
396 1275 461 1348 ύσην
483 1277 583 1347 ἀπῆλθε
611 1278 671 1351 μεθ’
690 1276 815 1337 δπλωνό
870 1276 1106 1358 αδτῇθιαμάτων,
1119 1276 1158 1336 ότι
1175 1279 1272 1350 ήκουσε
1293 1278 1379 1340 πολλὰ
1393 1279 1439 1338 καὶ
1452 1279 1523 1339 καλδ
1540 1279 1602 1359 περί
1615 1268 1647 1339 ιτε

53 1360 183 1440 βασιλεύς,
197 1362 240 1421 καί
259 1363 351 1430 πόλεις
370 1361 416 1422 καλ
427 1362 554 1445 φρούρια,
568 1363 619 1426 όοα
636 1364 813 1446 ἐχειρώσατο,
869 1369 917 1437 τῆς
931 1364 1024 1446 σοφίας
1034 1365 1080 1425 καί
1094 1365 1243 1446 φρονήσεως
1256 1369 1310 1426 τῶν
1323 1371 1434 1428 ἐνταῦθα
1450 1370 1647 1448 προγεγονότων

5 1494 6 1525 3
49 1455 94 1510 τοῦ
106 1440 305 1531 βασιλίινςιίναε
318 1450 442 1524 κατήκοα
455 1445 501 1534 (ήν
514 1452 543 1512 δι’
556 1476 587 1533 γε
601 1458 619 1526 ἡ
634 1453 710 1536 τρίτη
732 1462 812 1535 μοῖρα
870 1453 972 1532 ἀνδρῶν
986 1452 1033 1514 καί
1050 1458 1098 1526 τῆς
1116 1453 1198 1527 ἄλλης
1212 1454 1331 1533 ἀνδρείας
1347 1454 1394 1514 καὶ
1417 1457 1511 1534 ἀρετῆς
1530 1455 1577 1516 καὶ
1595 1459 1647 1515 τῶν

50 1539 269 1618 Πελοποννήσου),
286 1539 336 1612 τήν
357 1541 387 1601 δι’
408 1565 440 1620 γε
460 1544 556 1614 λοιπήν
568 1551 658 1602 πᾶσαν
677 1533 744 1604 εἶναι
760 1547 813 1603 τῶν
869 1541 975 1601 πολλῶν
988 1542 1034 1601 καί
1046 1546 1205 1620 θαυμαστῶν
1219 1535 1363 1623 ἔργων,ών
1379 1546 1406 1604 ἐν
1419 1552 1473 1611 ταῖς
1485 1549 1544 1603 κατ’
1555 1543 1650 1613 αὐτοῦς

49 1628 173 1687 δυναστῶν
191 1628 294 1705 δασμδν
314 1628 420 1700 ἐτήσιον
441 1628 624 1712 ἀποφερόντων
647 1634 686 1713 τῷ
709 1634 815 1711 βασιλεῖ
869 1633 972 1711 καιροῖς
984 1630 1150 1701 ἐπεδείξαντο
1169 1630 1216 1690 καί
1227 1631 1292 1711 πρὸς
1304 1631 1438 1704 Ἕλληνας
1450 1632 1495 1692 καί
1506 1632 1571 1713 πρδς
1586 1636 1649 1712 βαρ·

47 1716 185 1795 νᾳίσματα
210 1716 346 1798 τρισχίλια
372 1724 487 1799 χρυσοῦ,
506 1718 576 1799 ἐχειν
599 1717 627 1778 δέ
649 1720 707 1796 μετ’
726 1721 813 1779 αὖτῶν
873 1717 967 1800 δόμους
981 1720 1238 1797 ἀγωνιζόμενοι·καλ
1251 1719 1375 1797 ἐπεθύμει
1394 1721 1457 1779 ἰδεῖν
1471 1743 1500 1781 τε
1515 1721 1561 1781 καί
1577 1724 1653 1780 ίστοέ
1664 1721 1675 1745 ⁸

47 1804 139 1886 εἰρήνην
164 1803 279 1882 βεύαίαν
305 1805 351 1864 καλ
377 1806 467 1887 φιλίαν
488 1806 532 1866 τδν
555 1807 665 1886 βασιλεά
685 1806 731 1867 καί
747 1807 815 1885 ξύμ·
875 1811 953 1888 ρ’ἠσαι
965 1806 1014 1881 τήν
1027 1831 1056 1867 τε
1071 1808 1148 1867 πόλιν
1163 1808 1210 1869 καί
1230 1806 1276 1875 τδς
1293 1808 1375 1877 ἀλλος
1393 1809 1492 1882 ταύτης
1510 1808 1650 1887 οίκοδομάς

50 1914 126 1972 μιχον
149 1883 217 1952 εἶναι
241 1891 289 1952 καί
308 1895 421 1973 βοηθὸν,
436 1893 469 1967 ἦν
491 1918 530 1961 τες
550 1896 637 1962 αὐτοῖς
656 1900 713 1973 μεθ’
727 1894 815 1955 όπλων
875 1893 922 1955 καί
935 1892 968 1964 δὴ
988 1894 1034 1954 καὶ
1047 1895 1096 1965 τήν
1113 1895 1256 1975 ἀκρόπολιν
1271 1893 1353 1968 αὐτὴν
1376 1896 1433 1963 τούς
1446 1917 1476 1955 τε
1497 1895 1605 1963 τόσως,
1622 1897 1650 1955 ἐν

5 2006 6 2009 “
50 1982 113 2051 ἐτίη,
874 1972 911 2048 οἷς
922 1985 947 2042 σί
959 1981 1050 2061 ἄνδρες
1060 1984 1154 2042 ἐκεῖνοι
1166 1984 1347 2044 ἐπολιτεύοντο
1356 1983 1403 2043 καλ
1413 1989 1497 2043 ταῦτα
1507 1984 1650 2064 ἔπραττον,

5 2064 6 2093 ¹
81 2068 153 2132 ΠΠ.
177 2070 289 2153 Πράξας
313 2070 341 2130 δέ
363 2076 447 2132 ταῦτα
467 2071 536 2149 μοτδι
555 2077 602 2133 τοῦ
618 2072 748 2152 βασιλέως
768 2073 815 2133 καλ
871 2067 917 2129 καί
931 2067 979 2141 τήν
994 2069 1077 2140 ἄλλην
1091 2079 1183 2130 πὲθαν
1201 2072 1271 2131 θίαν
1285 2074 1331 2142 τῆς
1348 2072 1439 2153 χώρας
1453 2094 1481 2131 τε
1497 2072 1543 2131 καὶ
1565 2074 1651 2132 κατᾶ·

49 2157 183 2238 ξιαδίμσιιος
208 2162 224 2218 θ
251 2158 366 2232 Ἀσιίνης
388 2161 520 2220 ἐπάνεισιν
543 2164 568 2229 ἐς
589 2161 650 2229 τοὺς
675 2161 815 2235 δεσπότας,
870 2180 964 2218 στασιν
978 2160 1027 2230 τῆς
1039 2182 1069 2218 τε
1084 2160 1145 2219 κατ’
1158 2159 1241 2234 αδτήν
1255 2159 1390 2233 θαλόσσης
1404 2160 1450 2220 καί
1464 2164 1518 2220 τῶν
1535 2159 1649 2237 λιμένων

50 2246 207 2324 ἀπαγγέλλων
222 2247 315 2315 αύτοῖς
328 2246 362 2306 τά
377 2248 553 2327 πεπραγμένα
566 2252 591 2310 οἱ
610 2248 657 2309 καὶ
677 2249 726 2321 τήν
747 2250 815 2326 μετδι
871 2246 917 2307 καὶ
929 2245 989 2325 περὶ
1000 2248 1107 2309 ποίντων
1119 2250 1219 2316 ἁπλῶς.
1260 2249 1296 2330 (σ)
1312 2249 1368 2310 Καὶ
1383 2240 1436 2309 εἶδε
1456 2250 1502 2310 καί
1515 2250 1649 2327 ἐθαύμασε

49 2338 86 2393 τυῖ
95 2333 218 2412 βασιλίως
229 2333 355 2415 εἰρήνην,
375 2338 411 2397 01
426 2338 453 2396 δὲ
463 2336 584 2417 δέχονται
594 2337 642 2405 τάς
656 2336 701 2397 ἐπὶ
713 2338 813 2405 τούτοις
870 2335 918 2394 καὶ
926 2333 1050 2415 ἐπῄνεσε,
1061 2335 1107 2395 καὶ
1117 2336 1236 2413 μάλιστά
1243 2360 1274 2416 γε
1285 2337 1317 2409 δή
1330 2336 1378 2410 τήν
1390 2339 1541 2419 ἀκρόπολιν,
1549 2338 1651 2406 ἀναδάς

48 2419 291 2501 διαλλαγδςίκόντες
300 2424 413 2491 ἄκοντες
421 2424 568 2505 βαρύτατον
575 2423 626 2505 γάρ
635 2424 718 2494 ἔδοξεν
727 2426 814 2493 αἰετοῖς
826 2464 832 2476 ·
870 2426 896 2490 ἐς
909 2423 1012 2497 αὐτήν,
1028 2422 1082 2483 ἀπό
1093 2447 1122 2483 τε
1133 2426 1186 2483 τῶν
1200 2425 1321 2504 ἐρειπίων
1333 2423 1379 2485 καί
1392 2430 1444 2485 τῶν
1464 2424 1595 2506 λιιψιίνων
1616 2430 1651 2495 ὡς

50 2510 146 2578 καὶτοῖς
158 2511 229 2578 όλοις
244 2508 400 2592 ἀξύμφορον
411 2515 440 2571 ού
452 2517 575 2572 τοσοῦτον
589 2515 623 2573 τδι
639 2515 708 2573 ἄλλα
721 2512 813 2587 δσονή
870 2510 949 2592 σοφός
961 2534 990 2570 τε
1007 2511 1053 2570 καὶ
1066 2513 1191 2592 φιλελλην
1205 2512 1251 2572 καί
1265 2514 1349 2592 με’γας
1366 2512 1490 2593 βασιλεὺς
1503 2512 1537 2573 τά
1549 2515 1649 2594 ἀρχαῖα

50 2602 88 2670 τῆς
109 2599 234 2677 Κορίνθου
262 2598 379 2672 ἐνεδοσις,
404 2598 505 2669 πόλεως
532 2599 702 2681 ἐχυρωτάτης
716 2624 745 2660 τε
768 2602 814 2662 καί
838 2603 844 2625 ¹
874 2600 920 2659 καί
935 2600 1013 2679 σίρτια
1030 2601 1222 2681 στοχαζόμενός
1238 2625 1265 2660 τε
1279 2601 1329 2661 καί
1342 2603 1558 2683 τεκμαιρόμενος.
1581 2603 1651 2671 Τοδς

49 2686 115 2762 λόγου
126 2686 211 2759 ἀξίας,
227 2687 260 2745 ἐν
274 2685 403 2766 ἐπικαίρῳ
417 2709 446 2745 τε
459 2692 504 2745 τοῦ
517 2687 622 2764 Ἰσθμοῦ
635 2687 757 2766 κειμίνης
769 2688 815 2749 καί
872 2685 901 2746 δί
914 2710 945 2765 γε
960 2687 1099 2767 οἰκήτορας
1111 2687 1225 2761 ταύτης,
1239 2690 1308 2748 αἰδοῖ
1324 2692 1376 2748 τῶν
1400 2690 1533 2768 προγόνων
1557 2690 1651 2769 φιλαν-

49 2772 307 2857 ύσπεράκροπολεως
317 2773 397 2847 ούοης
411 2774 710 2855 Πιλοποννήσου·όμως
718 2799 748 2857 γε
760 2777 814 2855 μήν
872 2774 982 2854 θραύσεως
1005 2799 1035 2833 τε
1061 2767 1113 2834 εἶδε
1140 2775 1186 2834 καί
1212 2776 1363 2857 ἐδωρήσατο
1392 2776 1578 2857 πολυτρόπως,
1603 2778 1668 2837 καί,

49 2863 119 2924 τίεαί
131 2855 201 2945 εἶχον
215 2867 335 2944 δράσαις
871 2862 978 2922 πόντων
988 2854 1139 2949 ῶνήτησαν
1149 2865 1242 2943 ἔτυχον
1256 2867 1320 2945 παρ’
1330 2866 1423 2927 αὐτοῦ.
1460 2865 1496 2945 (7)
1510 2864 1651 2945 Τέσσαρας

81 2949 126 3010 ΙΧ.
146 2952 280 3018 Βασιλεύς
292 2951 321 3011 δέ
329 2950 378 3025 τήν
389 2949 515 3033 Κόρινθον
524 2951 689 3031 παραλαόὼν
697 2953 816 3034 φυλακήν
871 2951 900 3011 δέ
913 2950 1017 3030 ἡμέρας
1032 2953 1112 3011 αὐτοῦ
1127 2951 1277 3029 διαγαγὼν,
1292 2956 1326 3032 τῇ
1344 2952 1469 3033 ὑστεραίᾳ
1486 2957 1584 3012 ἐκεῖθεν
1603 2957 1650 3032 θρ·

48 3060 71 3095 τε
81 3039 165 3113 ἱκανήν
177 3038 277 3119 ἀσάγει
288 3038 315 3107 ἔς
327 3062 357 3098 τε
369 3038 417 3111 τήν
433 3039 516 3121 ἀκρον
528 3040 573 3100 καί
588 3044 612 3109 ἐς
628 3041 710 3113 αὐτὴν
722 3041 817 3124 ἀνδρας
871 3040 963 3116 μηθεὶς
978 3039 1021 3120 ᾔει
1036 3038 1079 3099 διαί
1094 3062 1123 3098 τε
1137 3043 1184 3110 τῆς
1197 3038 1325 3107 Βοιωτίας
1338 3040 1385 3099 καὶ
1399 3039 1575 3114 Πλαταιίδος,
1586 3043 1652 3100 ἀπο-

41 3127 182 3195 ἐτελίκτους
194 3126 386 3208 τετρακοσίους
398 3130 449 3186 τῶν
464 3129 517 3186 ἀπδ
527 3132 574 3200 τῆς
588 3129 658 3196 ἰδίας
669 3131 750 3198 αὐλῆς
762 3152 817 3189 νεο·
872 3130 978 3186 σκοπῶν
990 3126 1091 3195 πόντος
1110 3150 1139 3186 τε
1152 3127 1212 3195 τοὺς
1226 3126 1398 3201 Ἑλληνικοὺς
1417 3127 1511 3195 τόπους
1528 3129 1575 3188 καί
1588 3132 1652 3189 ἀνι-

51 3213 176 3291 δεμιιδῶν,
191 3217 239 3276 καί
259 3214 424 3297 φρούραρχον
448 3218 537 3283 αὐτοῖς
551 3216 686 3296 ἐφίστησιν
704 3216 750 3277 ἐνα
764 3220 816 3276 τῶν
872 3220 968 3295 ρευνῶν
991 3214 1107 3297 ἀκριόῶς
1136 3214 1182 3274 καλ
1213 3216 1405 3293 πυνθανόμενος
1439 3220 1500 3296 περὶ
1533 3218 1651 3279 πόντων.

49 3302 197 3364 πστοτότων
212 3306 310 3383 αὐτῷ,
326 3304 372 3362 καί
386 3303 489 3375 σιτήσει
502 3305 548 3363 καὶ
561 3305 651 3373 ὅπλοις
664 3307 710 3364 καί
725 3328 816 3384 μηχα-
872 3305 905 3382 (ο)
916 3303 1087 3385 Παροδεύσας
1097 3306 1120 3363 δ’
1128 3303 1277 3376 ἐξεπίτηδες
1290 3303 1337 3364 καλ
1344 3304 1482 3384 γενόμενος
1492 3306 1652 3388 καταντικρύ

50 3398 94 3456 ναῖς
105 3392 147 3451 καί
159 3402 243 3452 πᾶσιν
256 3391 346 3457 ἄλλοις
358 3391 522 3461 ίπισκευόζει
535 3394 624 3461 καλῶς
635 3391 683 3459 τός
694 3416 723 3453 τε
735 3393 817 3462 ἄλλας
871 3397 919 3465 τῆς
938 3393 1069 3464 Εθδοίας,
1092 3397 1237 3454 κατεθεᾶτο
1256 3392 1304 3460 τοίς
1324 3417 1353 3452 τε
1378 3392 1476 3475 συχνάς
1497 3395 1651 3475 παλιρροίας

51 3477 351 3559 υλνκέςείλήφειᾼάς
364 3481 431 3538 τεέν
445 3484 479 3559 τῇ
494 3481 619 3561 μεσογείῳ
630 3480 675 3541 καί
686 3481 816 3562 παραλίῳ,
872 3480 992 3561 Εὐρίπου
1006 3482 1051 3540 καὶ
1065 3481 1113 3549 τδις
1126 3480 1277 3559 μιταόολδις
1290 3480 1339 3553 τήν
1360 3506 1390 3541 τε
1404 3482 1488 3555 ἀλλην
1501 3487 1549 3555 τῆς
1570 3483 1653 3554 νήσυν

50 3565 86 3623 ταί
102 3567 207 3649 φρούρια
231 3567 271 3628 τά
293 3566 406 3634 δόξαντα
429 3570 517 3635 καλῶς
542 3568 613 3648 ἐχειν
636 3571 709 3651 αὐτῷ
730 3570 817 3640 πρίντα
872 3569 942 3629 θίσιν
961 3593 990 3629 τε
1003 3569 1049 3628 καί
1071 3569 1235 3630 κατάστασιν
1252 3569 1298 3629 καί
1314 3569 1347 3642 δὴ
1367 3570 1413 3630 καὶ
1427 3570 1536 3651 ἀρετήν,
1550 3572 1595 3631 καί
1616 3575 1652 3639 ώς

50 3654 198 3727 ἀπισωυάζει
222 3660 276 3716 καὶ
304 3655 432 3725 ἐξοπλίζει
459 3659 547 3725 καλῶς
573 3658 693 3739 φρουροῖς
716 3681 745 3716 τε
772 3660 817 3718 καί
872 3660 1015 3719 οἰκειοῦται
1036 3661 1070 3737 τῇ
1090 3656 1180 3738 χέρσῳ
1201 3656 1244 3715 δεδι
1267 3661 1314 3717 τοῦ
1339 3659 1495 3718 στενοτύτου
1516 3663 1651 3737 πορθμοῦ,

4 3750 7 3805 ί
51 3745 211 3825 φρουράρχοις
235 3742 288 3805 καί
311 3744 377 3825 σίτῳ
401 3744 445 3802 καλ
469 3745 559 3812 ὅπλοις
591 3746 749 3825 καίνβελεσι
772 3747 818 3805 καί
874 3747 975 3824 μᾶλλον
989 3745 1016 3804 δέ
1032 3742 1068 3812 ῶς
1082 3749 1137 3805 ἐστι
1150 3745 1308 3827 χερρόνησος
1319 3746 1439 3827 καθάπερ
1453 3750 1567 3828 ποταμῷ
1578 3746 1654 3827 με’σῳ

5 3820 7 3865 ί
51 3836 166 3901 τῖσιτοῖς
179 3831 350 3913 ἀναγκαίοις.
394 3833 432 3911 (ο)
445 3830 525 3893 Ἐνια
550 3833 577 3892 δέ
602 3835 654 3892 τῶν
674 3833 818 3913 φρουρίων,
873 3837 911 3913 τῷ
927 3831 1087 3913 βραχυτάτῳ
1102 3832 1215 3913 βεύμστι
1231 3833 1318 3914 τούτῳ
1331 3834 1497 3914 διειργομένη
1511 3834 1557 3893 καί
1573 3834 1653 3893 ποίλιν

5 3984 6 3991 γ
52 3914 91 3975 όσα
103 3920 237 3996 μήέδόκει
253 3922 343 3999 αδτῶ,
363 3920 545 3981 κατασκάπτει
571 3921 688 3994 τελείως,
708 3921 766 3990 τοδς
790 3923 818 3982 δέ
873 3923 1054 3999 ξυναπτομίνη
1067 3922 1178 4003 γεφύρᾳ.
1223 3923 1256 4000 (ν)
1276 3924 1312 3984 01
1326 3922 1355 3982 δέ
1372 3922 1478 3991 Εὖόοεῖς
1495 3921 1542 3995 τὴν
1556 3922 1653 4002 ἀθρόαν

5 4036 7 4051 ³
51 4005 172 4086 νίιήτοριις
193 4010 317 4080 τούτων,
339 4008 450 4086 ἄνδρας,
463 4010 549 4089 ρημὶ,
567 4009 613 4069 καὶ
627 4011 751 4087 γυναῖκας
771 4011 817 4071 καί
873 4014 900 4080 ἐς
911 4011 1004 4079 αθτοδς
1018 4010 1120 4070 ἔλουσεν
1131 4016 1177 4071 τοῦ
1193 4011 1321 4090 βασιλέως
1331 4011 1481 4087 ίδόντες,τδ
1491 4012 1539 4089 μίν
1549 4014 1652 4092 πρῶτον

52 4094 145 4170 πῑδιις,
167 4102 271 4163 ἀσινεῖς
293 4096 362 4163 ὅλως
383 4095 514 4173 ἐκπίμπει
538 4097 584 4156 καὶ
609 4097 702 4166 αύτοδς
722 4100 748 4165 ἀς
769 4099 816 4173 τήν
874 4102 977 4161 ἔδεισαν
993 4100 1054 4178 περλ
1070 4102 1187 4172 ἑαυτῶν,
1203 4098 1241 4177 μή
1260 4099 1313 4180 ἀρα
1330 4099 1418 4181 σφίσιν
1432 4100 1477 4160 ἐπί
1497 4103 1572 4182 κακῷ
1587 4099 1654 4172 αύτη

5 4250 6 4255 ¹
53 4176 238 4244 ἐιινσταντίνου
267 4184 335 4261 μετά
357 4187 410 4243 τῶν
434 4186 537 4258 ἄλλων,
557 4186 727 4260 κατοικίζων,
748 4177 817 4267 ᾗπερ
873 4190 932 4264 εἴη,
949 4190 1018 4267 μετὰ
1033 4188 1063 4247 δέ
1074 4192 1151 4248 τοῦτο
1164 4189 1237 4270 δῶρα
1249 4186 1374 4248 πλείστου
1389 4189 1449 4258 ἀξια
1470 4191 1655 4268 ἑτοιμάσαντες

51 4265 217 4346 ἐρωτῶσαν
233 4272 286 4344 τὴν
308 4271 359 4341 ἐξω
377 4273 469 4353 χώραν
487 4275 576 4348 αδτῆς.
619 4274 655 4354 (ι)
671 4278 818 4349 Καταστη-
873 4282 911 4358 τῷ
943 4278 1048 4357 βασιλεῖ
1073 4275 1179 4346 ἐξῆλθον
1205 4280 1231 4345 ἐς
1258 4276 1409 4351 ξυνιίντησιν
1432 4280 1512 4359 αὐτῷ.
1556 4277 1609 4339 Καί
1627 4277 1655 4345 δς

4 4424 6 4443 γ
51 4359 190 4434 ια’,νενοςδέ
204 4364 298 4423 πάντα
312 4361 347 4422 τά
360 4365 387 4421 ἐν
404 4362 599 4445 Πελοποννήσῳ
619 4365 707 4432 καλῶς
725 4388 753 4424 τε
773 4364 818 4423 καί
874 4366 981 4446 δέχεται
1001 4365 1107 4433 τούτους
1126 4364 1233 4445 ήμίρως
1254 4366 1301 4426 καί
1320 4367 1440 4440 λαλήσας
1462 4365 1581 4447 εἰρηνικά
1595 4369 1654 4444 μετ’

4 4448 6 4507 ί
51 4439 120 4520 δτήν
139 4454 209 4531 αύτῷ
222 4449 299 4510 κατά
310 4444 387 4528 νοῦν,
401 4451 540 4528 σατράπην
553 4475 582 4511 τε
597 4451 670 4532 παίσῃ
690 4457 724 4533 τῇ
740 4453 819 4512 αὐτοῦ
876 4455 962 4513 αδτῶν
986 4452 1096 4513 ἀπολύει
1124 4454 1217 4518 πιίλιν.
1259 4454 1310 4536 (ιο)
1325 4456 1410 4523 Αδτδς
1430 4455 1457 4515 δέ
1473 4456 1538 4536 ἄρας
1557 4457 1655 4515 ἀπεῖδεν

4 4532 7 4623 J
51 4532 170 4614 χύρῳτδν
191 4528 500 4617 Ἀμαίρηνκαταλιπὼν,
513 4537 656 4599 ἀπολύεται
673 4541 722 4613 τήν
737 4564 819 4620 στρα·
874 4542 920 4602 καὶ
943 4539 984 4599 ἀεί
1007 4543 1109 4620 σπουδῇ
1132 4542 1247 4603 ἐλαύνων
1270 4543 1313 4603 ἐπὶ
1339 4543 1372 4601 τά
1398 4542 1502 4622 πρόσω,
1518 4545 1655 4611 δεκαταῖος

5 4632 6 4663 ι
53 4620 352 4707 τιάν,τσλλδι’τ“τρύτε’ρον
366 4627 507 4694 ἐπαινέτας
526 4650 554 4686 τε
572 4626 808 4708 αύτοδςκαὶδωρη
876 4630 1023 4709 ἀφικνεῖται
1043 4631 1070 4697 ἐς
1092 4629 1183 4710 Φεράς
1204 4634 1251 4703 τῆς
1273 4630 1448 4698 Μακεδονίας.
1492 4629 1653 4711 Ὀλίγαςδλ

50 4732 1654 4762 ——-—-—-—--.-.-.-——

54 4799 311 4867 ‘Moimndaem
325 4804 423 4863 ταύτην
438 4805 558 4868 περίοικον
576 4811 618 4865 τῆς
628 4804 723 4869 Ἀχαίαε
736 4808 824 4869 χώρας.
843 4806 854 4871 ΙΙ
872 4805 927 4871 -§
941 4811 964 4857 θ.
980 4808 1153 4872 παραδίδωσιν]
1164 4807 1205 4858 die
1223 4812 1295 4858 sexto
1315 4808 1421 4870 Augusti
1440 4820 1480 4856 ιιιι.
1499 4810 1563 4857 6966
1581 4808 1654 4872 (1156

53 4877 77 4929 P·
86 4870 160 4935 ehu),
171 4888 222 4927 σου.
235 4875 354 4925 Ρίιειιιιῖα.
364 4887 389 4939 p.
401 4877 507 4935 aaz-16.
523 4874 534 4939 ΙΙ
547 4902 575 4911 -
591 4877 730 4939 νομίσματα
740 4879 860 4941 τρισχίλια
872 4878 973 4943 χρυσοῦ]
981 4878 1018 4928 sle
1029 4891 1086 4942 ταχυ
1095 4917 1102 4939 ,
1111 4878 1255 4943 τρισχιλίους
1268 4879 1393 4942 χρυσῖνους
1407 4880 1469 4928 text.

81 4943 142 4995 Vm.
158 4944 279 5010 ἐπάνεισι]
294 4947 353 4996 unte
363 4944 512 4996 θεθῖιῖοιιειιι
528 4946 610 5006 urbis,
622 4959 672 4997 σεο.
684 4947 800 4998 ΟΙιοΙεοσ.
816 4948 827 5011 ΙΙ
841 4979 873 4990 -
886 4949 915 5000 οὐ
928 4954 1042 5000 τοσοῦτον
1053 4951 1083 5000 τὰ
1097 4951 1171 5010 ἄλλα,
1180 4948 1247 5014 ὅσον]
1256 4947 1314 4998 add.
1325 4961 1418 5011 margo.
1432 4948 1582 5011 θ-πόλεως
1591 4948 1651 5013 ὄχοι

56 5011 147 5071 διαίτας
196 5016 274 5074 οὔσης
288 5008 555 5079 ΠελοποννήσουΓειίθ.
567 5029 660 5079 margo.

82 5082 118 5133 11
132 5083 147 5147 §
161 5091 181 5137 1.
196 5080 418 5151 φροινριὶρχάιςξῧῐο
429 5086 504 5137 elilm
518 5086 542 5149 θ’,
556 5091 621 5149 11,1
634 5092 660 5138 et
674 5093 712 5148 15,
728 5094 755 5150 ¹3
770 5088 830 5141 alibi
842 5090 1002 5157 φρουράρχοις.
1014 5090 1026 5153 β
1041 5091 1097 5155 -§
1111 5095 1134 5142 ³.
1146 5087 1257 5155 Ἆμάρην]
1267 5088 1360 5154 Ὀμάρη
1380 5086 1544 5138 Οίιαέουουιιά.
1566 5101 1592 5152 p.
1610 5092 1657 5142 ⁴52

5 5180 6 5183 ¹
59 5160 90 5212 Q
101 5152 224 5207 mom·
233 5155 388 5208 Turnchanis
401 5154 475 5207 fflius.
490 5157 501 5221 ΙΙ
517 5183 545 5193 -
554 5157 599 5221 M.
609 5158 667 5221 μετά
677 5158 714 5222 τε]
725 5176 751 5221 μ.
761 5175 788 5222 γε
797 5159 852 5211 oud.
867 5161 878 5225 ΙΙ
892 5187 921 5197 -
934 5162 984 5226 96.
995 5164 1033 5211 [λα
1043 5176 1101 5225 rege
1113 5162 1225 5213 Athenas
1239 5158 1658 5211 visenteetmonumenluurbisde·

58 5220 151 5275 ῐιίιιαιε
167 5226 475 5290 σῖ.66ε1οοσ.ρ.150,2ν
489 5232 583 5289 6155,
598 5234 635 5291 15,
651 5229 695 5293 qui
713 5229 805 5281 ibidem
822 5236 906 5282 narrat
924 5233 1051 5284 interitum
1064 5233 1170 5283 ducatus
1184 5231 1352 5293 Atheniensis,
1369 5243 1445 5295 quem
1463 5229 1604 5281 Critobulus
1626 5231 1658 5283 si·

5 5354 6 5357 ρ
60 5283 125 5370 huo
136 5296 234 5359 pmii.
250 5296 263 5360 Ι
277 5322 309 5333 -
320 5297 364 5345 καὶ
377 5296 493 5362 esuum]
511 5297 570 5348 add.
586 5311 678 5361 margo.
691 5299 702 5362 ΙΙ
713 5301 833 5365 -ἀρτια]
852 5303 888 5353 sie
906 5316 979 5366 lngo,
990 5305 1135 5367 πρωτότοκα
1148 5306 1211 5355 text.
1224 5302 1237 5367 11
1251 5331 1279 5340 -
1293 5303 1308 5366 §
1324 5307 1348 5353 θ.
1360 5300 1520 5352 Ποεέιοσιιεῖίε
1537 5303 1658 5366 Euripum

5 5402 6 5429 3
53 5365 148 5415 Μἰε
156 5367 271 5417 minii
280 5365 369 5417 θῖοῖοι
380 5365 478 5430 capella
489 5366 515 5419 ῖιι
528 5370 640 5420 oratione
650 5383 696 5420 σοι
708 5384 749 5435 ορ.
761 5372 876 5427 chalone.
887 5387 912 5439 p.
927 5378 984 5435 517,
996 5378 1033 5425 16.
1047 5374 1058 5439 u
1072 5403 1100 5413 -
1115 5375 1130 5440 §
1142 5378 1166 5426 9.
1181 5372 1281 5436 ῖλευσιν]
1292 5375 1329 5425 sic
1339 5386 1412 5440 tngo,
1425 5372 1507 5436 ῖροθον
1517 5374 1578 5423 text
