3842 6036
281 482 321 542 96
712 474 909 536 CRITOBULI
929 475 1188 539 HISTORIARUM
1208 475 1280 537 Lffl.
1301 476 1325 553 1,
1347 478 1440 539 θί·θό

281 610 332 683 ήδη
351 608 401 688 γάρ
415 608 460 668 καὶ
471 605 557 685 ἡμέρα
571 604 721 685 ὑπέφαινεν.
736 603 823 666 Ἔνθα
835 603 867 677 δὴ
885 604 961 686 φόνος
974 606 1055 673 πολύς
1111 605 1138 666 δέ
1151 604 1276 686 γέροντας
1288 607 1406 684 ἐντίμους
1419 608 1573 683 ίλκομίνους
1590 614 1636 682 τῆς
1650 612 1756 684 πολιᾶς,
1771 610 1858 679 τοίςδί

283 703 334 758 τῶν
359 693 608 777 προστυγχανόντων
633 693 747 770 ἐγίνετο,
765 696 817 751 τῶν
846 692 894 768 μίν
916 690 984 751 κατά
1005 694 1053 765 τήν
1114 694 1160 753 καί
1187 693 1363 771 τυπτομένους
1395 698 1523 769 ἀνηλεῶς·
1552 695 1694 775 παρθένους
1719 698 1862 774 μοναζούσας

283 785 341 846 ὀδόν
358 784 419 865 (ἤδη
434 782 484 863 γάρ
500 780 608 861 ἐξῄεσάν
624 804 692 847 τινες
706 784 758 839 τῶν
774 782 861 841 οἰκιῶν
876 781 975 847 θέοντες
987 781 1052 860 πρὸς
1110 782 1208 860 σεμνάς
1227 805 1254 840 τε
1275 782 1321 841 καί
1337 779 1476 862 ἀπροίτους
1490 782 1520 843 τό
1542 781 1601 842 ὀλον
1620 783 1716 863 καὶτῷ
1734 788 1782 866 θεῷ
1803 787 1863 866 μόνῳ

281 875 329 947 τήν
344 874 426 954 βοὴν,
439 870 549 938 παλτοῖς
562 868 645 950 ξίφεσι
656 873 707 929 τῶν
721 872 887 950 στρατιωτῶν
901 871 1055 948 ἀπροόπτως
1109 869 1324 950 προσανεχούσας
1336 870 1382 929 καί
1393 861 1527 951 ζώσας,’ᾧ
1541 872 1703 952 καθιέρωσαν
1717 874 1815 948 ἱαυτάς,
1824 872 1863 939 τίς

282 958 456 1039 ἐνέπιπτον),
477 961 529 1016 τῶν
552 956 580 1016 δί
599 958 626 1015 ἀν
657 965 714 1025 ταῖς
735 956 828 1024 οἰκίαις
846 958 953 1034 αύταῖς,
977 959 1055 1016 ἐπεσ-
1111 957 1159 1033 μίν
1172 962 1224 1018 τῶν
1247 959 1376 1035 δοματίων
1393 958 1484 1039 βιαίως
1496 958 1652 1037 ὀξαγομένας
1663 960 1707 1018 καὶ
1725 961 1861 1040 συρομάνας,

281 1049 428 1108 πιπτόντων
446 1046 491 1127 βίη
504 1049 555 1104 τῶν
567 1043 732 1126 γινητζάρων
747 1047 792 1103 καὶ
804 1049 856 1103 τῶν
867 1045 954 1104 ἀλλων
974 1068 1054 1125 στρα-
1110 1043 1156 1111 τάς
1171 1044 1198 1115 δὲ
1214 1049 1266 1104 τῶν
1280 1048 1356 1126 ἱερῶν
1379 1045 1586 1124 ἀποσπωμένας,
1600 1049 1628 1107 ἐν
1645 1037 1682 1113 οἷς
1703 1050 1861 1131 κατέφευγον,

281 1141 383 1197 τιωτῶν
396 1134 440 1204 ξὺν
456 1133 538 1192 οὐδενί
552 1132 644 1212 κόσμῳ
656 1133 701 1191 καί
714 1135 849 1212 λογισμῷ,
862 1135 914 1190 τῶν
929 1132 957 1191 δί
974 1134 1020 1192 καί
1029 1136 1055 1202 ἐς
1110 1133 1153 1191 καί
1168 1135 1339 1214 ἀπαγομένας
1353 1134 1397 1205 ξὺν
1414 1134 1490 1214 ὀόρει
1504 1135 1550 1193 καί
1563 1135 1674 1216 ἀτιμία,
1692 1134 1829 1213 ξαινομὲνας
1839 1160 1861 1196 τε
1900 1202 1901 1209 ς

282 1225 365 1297 ἀλκὴν
379 1222 562 1300 τρεπομένων,
580 1223 633 1278 τῶν
654 1220 681 1279 δὲ
694 1221 738 1280 καί
762 1220 824 1300 πρὸς
838 1222 917 1299 ἱεροῖς
934 1241 1054 1278 καταπε-
1111 1220 1158 1288 τάς
1170 1221 1282 1301 παρειάς
1296 1221 1338 1293 ξύν
1355 1225 1463 1302 οἰμωγῇ
1477 1225 1522 1281 καί
1537 1224 1649 1302 ὀλολυγῇ
1662 1223 1707 1283 καί
1717 1224 1859 1301 κοπτομένας
1900 1254 1901 1257 “

282 1313 412 1395 φευγότων
437 1335 466 1371 τε
493 1309 538 1369 καί
564 1309 750 1380 ἱκετευόντων,
772 1310 886 1388 ἀνδρῶν,
911 1312 1055 1386 γυναικῶν,
1110 1313 1223 1388 πικρῶς·
1247 1312 1344 1377 παῖδας
1367 1309 1483 1378 ἁπαλοὺς
1506 1313 1587 1387 ὠμῶς
1601 1311 1798 1389 ἀποσπωμένους
1815 1335 1859 1386 μη-

282 1399 398 1475 παίδων,
424 1397 531 1457 πόντων
554 1397 658 1474 ἅπλῶς,
685 1399 816 1473 μηδεμιᾶς
840 1395 919 1467 οὔσης
940 1398 1054 1478 φειδοῦς·
1111 1397 1208 1474 τάρων,
1231 1397 1309 1476 κόρας
1332 1399 1448 1465 ἐλεεινῶς
1469 1398 1646 1478 χωριζομίνοις
1667 1402 1718 1458 τῶν
1745 1400 1860 1477 νεογάμου

234 1519 235 1522 “
283 1490 316 1565 [ο]
333 1489 398 1565 ὀργῇ
415 1484 466 1565 γάρ
481 1485 526 1543 καί
541 1487 616 1564 θυμῷ
630 1487 721 1562 πολλῷ
739 1485 853 1564 ἐχώρουν
867 1486 908 1545 ἐπ’
921 1483 1015 1552 αότοὺς
1031 1489 1054 1544 οἱ
1113 1487 1227 1564 ἀνδρῶν·
1243 1484 1312 1544 ἀλλα
1328 1487 1409 1566 μυρία
1421 1485 1580 1565 εἰργασμένα
1593 1485 1673 1545 δεινά.
1900 1482 1901 1495 ’

281 1577 454 1651 στρατιῶται,
468 1577 544 1630 τοῦτο
565 1570 612 1645 μὲν
633 1572 773 1650 ἀχθόμενοι
794 1576 826 1652 τῇ
850 1571 928 1651 τριόῇ
942 1576 989 1644 τῆς
1009 1596 1054 1631 πο·
1153 1574 1243 1635 ΙιΧΙΙ.
1255 1576 1313 1646 Τήν
1328 1575 1355 1633 δί
1378 1578 1429 1634 τῶν
1451 1577 1528 1652 ἱερῶν
1549 1574 1625 1653 θόρεν
1639 1576 1684 1634 καί
1705 1575 1804 1647 σύλησιν
1825 1577 1861 1634 καὶ

281 1660 416 1740 λιορκίας,
432 1667 508 1719 τοῦτο
523 1660 546 1716 δ’
562 1657 657 1717 ότικαί
675 1660 728 1719 ἀπὸ
741 1663 794 1718 τῶν
809 1659 941 1729 ἐπάλξεων
962 1660 1053 1737 σκώμ·
1113 1661 1259 1741 διαρπαγήν
1273 1665 1329 1728 πῶς
1353 1661 1384 1720 ἀν
1404 1685 1443 1728 τις
1461 1661 1558 1730 ἐξείποι
1580 1664 1619 1743 τῷ
1638 1663 1721 1744 λόγῳ,
1740 1662 1862 1722 Κατεόάλ-

281 1748 349 1825 μασί
359 1771 388 1806 τε
400 1747 447 1807 καί
460 1746 567 1825 ὕόρεσιν
581 1749 629 1806 οὐκ
643 1747 738 1825 ὀλίγοις
753 1746 865 1807 ἐόαλλον
883 1745 976 1814 αότοίς
990 1746 1052 1805 ἀνιοι
1113 1751 1189 1809 λοντο
1205 1751 1252 1826 μὲν
1269 1749 1367 1826 ἀτίμως
1379 1752 1405 1818 ἐς
1419 1754 1468 1827 γῆν
1483 1749 1582 1817 εἰκόνες
1596 1750 1640 1809 καὶ
1657 1750 1811 1831 ἀφιδρύματα
1819 1750 1862 1809 ’καί

282 1839 332 1895 τῶν
345 1835 462 1907 ἀνοήτων
477 1838 541 1913 παρ’
556 1834 615 1894 ὀλον
629 1836 673 1895 τὸν
692 1836 821 1912 πόλεμον,
835 1837 866 1895 τδ
880 1834 902 1894 δ’
914 1833 974 1894 όλον
985 1833 1055 1900 ὅπως
1110 1828 1195 1897 τάλλα
1216 1842 1267 1897 τῶν
1286 1840 1381 1918 ἱερῶν,
1402 1841 1541 1897 ἀπεσπᾶτο
1561 1840 1590 1898 δί
1612 1839 1707 1914 κόσμος
1725 1840 1739 1894 θ
1758 1837 1856 1908 τούτων,

281 1921 314 1983 ἀν
328 1922 458 2002 θροήσωσι
476 1921 506 1980 τὸ
519 1929 571 1980 πᾶν
592 1921 638 1980 καλ
653 1922 788 2002 φοόήσωσι
808 1926 854 1982 καί
874 1922 1056 1982 δουλώσωνται
1110 1925 1209 1985 ἐδίδοτο
1231 1925 1258 1984 δί
1272 1924 1305 1983 τά
1326 1924 1374 2001 μὲν
1393 1926 1527 2004 αότῶντῷ
1549 1925 1631 2006 πυρί,
1651 1925 1684 1984 τδι
1701 1925 1727 1984 δέ
1746 1925 1770 1991 ἐς
1788 1924 1857 1983 λιπτί

280 2019 339 2078 ταῖς
357 2018 479 2091 σφαγαῖς.
523 2009 556 2089 (ε)
572 2008 618 2076 Ὡς
633 2011 660 2068 δὲ
679 2013 736 2078 ἅλις
758 2002 828 2091 εἰχον
849 2016 895 2071 τοῦ
915 2010 992 2091 φόνου
1009 2009 1054 2069 καὶ
1110 2012 1256 2089 τεμνόμενά
1270 2035 1297 2070 τε
1315 2011 1673 2092 καίξυντριόόμιναέπίτῶν
1690 2011 1789 2093 τριόδου
1805 2014 1860 2090 ἐρρι·
1900 2048 1901 2051 =

280 2102 298 2170 ἡ
313 2096 388 2164 πόλις
401 2096 453 2170 ήδη
465 2096 609 2157 δεδούλωτο
615 2141 625 2173 ,
638 2098 777 2177 τρέπονται
791 2101 815 2157 οἱ
828 2096 876 2174 μίν
892 2098 989 2164 ἐντοῖς
1001 2103 1052 2157 τῶν
1109 2109 1210 2174 πτεῖτο,
1224 2100 1359 2179 ἠνοίγοντο
1370 2100 1397 2159 δέ
1408 2105 1486 2173 θῆκαι
1498 2104 1551 2159 τῶν
1562 2103 1683 2159 παλαιῶν
1695 2099 1737 2158 καὶ
1745 2100 1859 2178 μακαρίων

281 2188 397 2265 δυνατῶν
420 2184 513 2251 οἰκίαις
538 2186 606 2245 κατά
627 2185 770 2265 ξυμμορὶας
782 2208 811 2244 τε
826 2185 873 2245 καὶ
893 2184 1054 2262 ξυνωμοσίας
1111 2188 1276 2268 ἀνδρῶνκαὶ
1298 2187 1331 2247 τά
1352 2187 1450 2246 τούτων
1467 2187 1574 2265 ἐξήγετο
1597 2188 1705 2268 λείψανα
1725 2186 1766 2245 καί
1780 2188 1861 2262 ἀτίμως

280 2275 326 2333 καί
347 2274 433 2343 τάξεις
456 2274 502 2332 ἐπὶ
524 2275 658 2353 διαρπαγῇ
676 2274 721 2333 καί
736 2276 862 2355 σκυλμῷ,
882 2277 906 2332 οἱ
932 2273 960 2332 δί
990 2274 1054 2352 πρὸς
1110 2275 1289 2350 λεπτυνόμενα
1300 2275 1345 2334 καί
1357 2275 1472 2351 λυόμενα
1489 2278 1513 2342 ἐς
1523 2276 1592 2355 ἀέρα
1606 2275 1783 2353 ἐλικμάτο,τθ
1796 2273 1861 2332 δίκαί
1900 2296 1901 2305 ’

282 2363 393 2435 σύλησιν
408 2365 460 2421 τῶν
478 2365 573 2442 ἱερῶν,
588 2365 612 2420 οἱ
629 2361 656 2420 δέ
670 2364 713 2422 ἐπὶ
728 2363 773 2428 τὰς
787 2362 877 2430 κοινάς
891 2361 978 2421 τεκαὶ
999 2367 1052 2422 τῶν
1109 2363 1152 2421 ἐπί
1161 2366 1213 2422 τῶν
1227 2362 1350 2442 ἀμφόδων
1358 2364 1515 2443 ἐρριπτεῖτο,
1528 2364 1560 2443 (ο)
1569 2363 1699 2443 κρατῆρές
1705 2385 1731 2420 τε
1738 2361 1778 2420 καλ
1786 2360 1860 2441 φιάλαι

280 2452 391 2510 ἰδιωτῶν
414 2449 498 2519 οἰκίας
524 2451 727 2526 ἐσκεδασμένοι,
760 2452 959 2529 διαρπάζοντες,
987 2474 1054 2510 σκυ-
1110 2449 1188 2510 καίἀ
1207 2450 1256 2520 τήν
1277 2450 1480 2528 παναγεστάτην
1500 2450 1595 2510 θυσίαν
1616 2451 1732 2531 ἐδέχετο,
1748 2452 1772 2537 α]
1788 2449 1827 2525 μίν
1842 2449 1861 2511 ἕο

279 2538 410 2610 λούοντες,
433 2536 594 2614 ληιζόμενοι,
620 2537 781 2617 φονεύοντες,
803 2537 966 2615 θόρὶζοντες,
989 2541 1057 2598 ἀπά-
1113 2537 1254 2618 προπόσεις
1277 2540 1323 2597 καί
1344 2539 1424 2616 μέθην
1441 2532 1509 2610 ήσαν
1530 2540 1640 2618 αὐτοῖς,
1661 2543 1684 2597 οἱ
1706 2538 1732 2596 δί
1749 2535 1861 2615 ξυντριόό·

279 2647 367 2702 γοντες
376 2626 559 2705 αἰχμαλώτους
572 2626 679 2705 ἀνδρας,
693 2634 837 2704 γυναῖκας,
858 2630 972 2701 παῖδας,
991 2653 1057 2707 πρε·
1115 2625 1190 2701 μενοί
1206 2648 1234 2684 τε
1254 2627 1300 2684 καί
1314 2627 1490 2705 χωνευόμενοι
1512 2627 1681 2698 ἀπεδίδοντο,
1695 2625 1749 2706 ἱερά
1761 2624 1785 2683 δί
1797 2623 1860 2693 σκεύη

282 2713 395 2788 σόύτας,
412 2713 499 2788 νέους,
515 2716 606 2795 ἱερεῖς,
628 2714 770 2795 μοναχοὺς,
785 2726 872 2775 πᾶσαν
894 2717 998 2788 ἡλικίαν
1012 2719 1058 2777 καί
1114 2711 1161 2771 καί
1183 2711 1273 2770 πέπλοι
1294 2714 1370 2790 τίμια
1392 2715 1524 2784 πολυτελῆ
1545 2736 1576 2772 τε
1603 2714 1647 2773 καί
1672 2714 1755 2791 πολλῷ
1777 2708 1860 2790 χρυσίῳ
1900 2756 1901 2785 3

282 2801 353 2870 τάξιν
379 2802 479 2870 ἁπλῶς.
527 2802 560 2881 (ε)
585 2802 640 2863 Kal
661 2795 693 2875 ἦν
715 2805 778 2862 ἰδεῖν
799 2803 884 2881 θέαμα
904 2805 985 2865 δεινὸν
1009 2809 1054 2866 καὶ
1111 2799 1288 2880 ἐνυφασμένα,
1302 2800 1336 2858 τὰ
1346 2799 1373 2858 δί
1386 2800 1431 2858 καί
1442 2799 1523 2869 λίθοις
1533 2799 1670 2881 διαφανέσι
1681 2798 1724 2859 καί
1738 2796 1858 2878 μαργάροιι
1900 2790 1901 2821 ¹

282 2891 392 2951 ἐλεεινὸν
406 2890 452 2949 καλ
466 2892 535 2969 πέρα
549 2891 697 2972 τραγῳδίας
718 2892 839 2966 ἀπάσης,
856 2896 982 2971 γυναῖκας
995 2894 1055 2962 νέας
1111 2887 1385 2969 καταστροπτύμινα,
1402 2886 1435 2948 τά
1456 2887 1503 2965 μίν
1522 2888 1677 2948 ἀπεδίδοντο
1697 2884 1857 2962 ammaim

281 2977 326 3037 καί
341 2980 487 3059 σώφρονας,
504 2980 613 3057 εύγενεῖς
626 3004 654 3039 τε
669 2979 715 3038 καί
729 2984 781 3038 τῶν
797 2971 827 3038 εἰ
841 2980 1002 3060 γεγονότων,
1018 2980 1051 3039 τά
1110 2976 1234 3056 ἀνδράσιν
1248 2977 1284 3043 εἰς
1298 2974 1448 3055 ἀπόχρησιν
1462 2978 1492 3035 οὗ
1506 2976 1610 3052 καλήν,
1630 2978 1662 3036 τδι
1677 2976 1702 3033 δέ
1720 2973 1776 3053 πυρί
1789 2992 1834 3051 παρ
1844 3001 1859 3012 -

283 3068 366 3128 πολλὰ
380 3066 549 3148 οἰκουροόσοις
566 3069 612 3128 καλ
625 3068 684 3128 οὐδὲ
703 3067 750 3141 τὴν
775 3068 865 3129 αὔλιον
878 3070 1054 3145 προελθούσας
1110 3064 1224 3139 δέδοκτο,
1243 3063 1414 3144 χωνευόμενοι
1437 3063 1480 3124 διά
1495 3062 1540 3122 τὸν
1559 3065 1670 3147 χρυσόν·
1693 3062 1724 3144 (ι)
1744 3059 1819 3141 βίόλοι
1835 3080 1858 3114 τε

281 3156 363 3230 ποτί,
386 3157 432 3215 καί
461 3156 604 3234 παρθένους
626 3159 763 3238 εὐπρεπεῖς
787 3157 833 3217 καί
858 3159 957 3238 ἀκραίας
978 3161 1051 3232 λαμ-
1109 3153 1176 3232 ἱεραὶ
1192 3154 1237 3211 καί
1250 3157 1334 3230 θεῖαι,
1349 3152 1418 3211 ἀλλά
1431 3153 1463 3222 δι]
1475 3152 1522 3212 καί
1533 3156 1588 3211 τῶν
1602 3153 1650 3222 ἐξω
1666 3150 1812 3230 μαθημάτων
1820 3145 1858 3205 καὶ

279 3245 348 3322 πρός
359 3268 388 3305 τε
404 3244 450 3302 καί
461 3246 590 3322 λαμπρῶν
605 3246 693 3304 οἰκιῶν
706 3247 752 3305 καί
766 3247 845 3327 μέχρι
864 3248 923 3306 τότε
938 3241 1052 3327 ἀρρένων
1109 3243 1255 3321 φιλοσόφων
1269 3242 1297 3299 αἱ
1310 3243 1445 3314 πλεῖσται,
1460 3243 1488 3299 αἱ
1504 3240 1553 3316 μὲν
1568 3242 1633 3321 πυρί
1654 3239 1818 3319 ποριδίδονῐθν
1834 3233 1857 3288 αἰ

278 3330 421 3409 ὀφθαλμοῖς
435 3330 500 3398 ὅλως
509 3332 667 3413 ἀψαύστους,
678 3333 725 3399 τάς
736 3333 785 3410 μέν
800 3334 847 3414 βὶφι
860 3337 911 3391 τῶν
925 3335 1052 3411 θαλάμων
1109 3328 1137 3388 δέ
1149 3328 1247 3405 ἀτίμως
1258 3335 1469 3402 κατεπατοῦντο,
1486 3331 1513 3388 αἱ
1525 3330 1631 3396 πλείους
1643 3328 1670 3387 δί
1680 3328 1756 3386 αὐτῶν
1767 3323 1792 3380 οὗ
1802 3318 1856 3400 ’Ἷίὸὶ

279 3416 451 3494 ἀξελκομίνας
462 3421 569 3493 ἀπηνῶς
576 3443 606 3478 τε
618 3419 674 3496 ἅμα
686 3421 731 3479 καί
742 3423 852 3489 ἀναιδῶς
862 3422 1053 3501 ἀρπαζομένας,
1110 3416 1234 3475 ἀπόδοσιν
1251 3419 1350 3494 μᾶλλον
1371 3416 1388 3488 ἢ
1411 3415 1485 3496 ύόριν
1500 3415 1545 3474 δύο
1562 3416 1581 3489 ἢ
1603 3420 1681 3499 τριῶν
1700 3407 1858 3490 νομισμάτοθν

278 3505 326 3572 τάε
349 3505 507 3566 δέ-κσκὸν
528 3505 669 3575 αὐταῖςέτι
684 3507 862 3584 κοιμωμέναις
882 3509 1050 3589 ἐφιστάμενοι
1109 3503 1166 3562 ἐστι
1186 3504 1208 3564 δ’
1219 3503 1262 3563 ὅτε
1283 3503 1438 3563 καίὀόολῶν
1452 3504 1620 3564 ἀπεδίδοντο·
1664 3503 1696 3582 (ι)
1715 3498 1825 3579 τράπεζαι
1835 3490 1858 3548 δί

279 3592 342 3674 ὀναρ
359 3595 448 3675 ἀνδρες
459 3593 582 3675 ξιφήρεις,
595 3595 746 3674 ᾑμαγμένοι
760 3595 805 3660 τάς
819 3604 910 3674 χεῖρας
925 3600 962 3677 τῷ
972 3597 1053 3678 φόνῳ,
1108 3592 1176 3671 ἱεραὶ
1200 3595 1230 3651 ἐκ
1244 3592 1347 3670 βάθρων
1368 3594 1452 3651 αὐτῶν
1468 3595 1621 3652 ἀνισπῶντο
1640 3591 1685 3650 καί
1700 3584 1857 3666 ἀνετρέποντο»

280 3688 363 3760 θυμοῦ
377 3682 514 3755 πνέοντες,
537 3682 639 3761 φονικὸν
659 3682 811 3762 βλέποντες,
830 3679 923 3761 ἄσημα
945 3686 1055 3767 φθεγγό-
1109 3679 1193 3758 wizo(
1215 3702 1244 3737 τε
1262 3684 1314 3738 τῶν
1329 3680 1435 3738 θύάτιυν
1455 3680 1501 3737 κοιί
1516 3680 1660 3760 ἀψαύστων
1673 3677 1753 3737 τύπων
1765 3673 1858 3749 ἀθλίω·

280 3793 362 3846 μενοι,
378 3768 619 3850 ἀπηροθριασμίνοι
633 3769 698 3848 πρὸς
716 3771 804 3828 πάυτιι
817 3769 850 3828 τά
862 3771 993 3852 χείριστα,
1009 3771 1055 3832 ἅτε
1110 3771 1191 3826 νῶντο
1200 3768 1246 3827 καί
1257 3767 1290 3826 τά
1303 3772 1355 3827 τῶν
1369 3771 1487 3846 τεμενῶν
1497 3768 1555 3848 ἱερὰ
1572 3768 1618 3842 ἐδη
1631 3761 1778 3847 ἀνωρύττειό
1787 3782 1810 3817 τε
1821 3754 1858 3815 καὶ

280 3860 377 3929 πλῆθος
390 3857 534 3935 ξύμμικτον
550 3856 636 3931 ὀντες,
649 3860 679 3916 ἐκ
693 3860 789 3925 παντὸς
800 3857 886 3926 ἔθνους
902 3860 947 3919 καὶ
962 3862 1055 3938 γάνους
1109 3854 1307 3927 *mmmm
1332 3858 1375 3916 ἐπὶ
1395 3857 1503 3931 ζητήσω
1520 3863 1636 3938 χρυσοῦ,
1661 3856 1725 3916 ἄλλα
1746 3873 1772 3909 τί
1788 3842 1858 3905 mm

281 3945 326 4004 καί
348 3943 431 4025 τύχης
456 3945 663 4024 ξυνειλεγμένοι,
681 3945 772 4024 ὥσπερ
796 3950 872 4025 θήρας
902 3947 987 4028 ἄγριοι
1008 3949 1054 4008 καί
1108 3950 1218 4003 τοιαῦτα
1233 3946 1373 4019 ἐτολμᾶτο.

281 4031 407 4113 ἀνήμεροι
434 4034 597 4105 ἐσπηδῶντες
628 4036 653 4101 ἐς
673 4033 720 4101 τδς
744 4033 827 4102 οἰκίας
857 4033 900 4094 καί
934 4033 1055 4113 σύροντες
1151 4033 1257 4093 Lxlll.
1272 4034 1307 4094 Οἱ
1321 4033 1348 4093 δί
1361 4033 1403 4093 ε’πί
1418 4037 1464 4092 τοῦ
1475 4033 1564 4112 ἑτέρου
1576 4034 1677 4114 τείχους
1688 4024 1856 4103 τεταγμένοιτε

280 4120 360 4193 ὠμῶς
367 4164 378 4196 ,
393 4119 526 4193 ἕλκοντες,
550 4121 766 4199 σπαράσσοντες,
792 4122 957 4202 βιαζόμενοι,
980 4123 1054 4182 ἀπό·
1108 4122 1154 4181 καί
1168 4123 1313 4201 μαχόμενοι
1327 4121 1395 4181 κατὰ
1409 4126 1457 4199 γῆν
1474 4146 1501 4182 τε
1522 4126 1568 4183 καί
1588 4125 1723 4182 θάλασσαν
1743 4116 1858 4189 δυστυχεῖς

279 4228 367 4285 γοντες
389 4208 522 4287 αἰσχρῶς,
541 4208 584 4267 ἰπί
595 4213 648 4266 τῶν
669 4210 777 4290 τριόδων
796 4209 940 4289 ὑόρίζοντες
960 4210 1006 4272 καὶ
1027 4210 1054 4269 τί
1109 4208 1240 4286 Ῥωμαῖοι
1252 4210 1399 4286 νομίζοντες
1413 4215 1466 4277 σηῖν
1485 4201 1552 4269 εἰναι
1569 4211 1618 4283 τὴν
1641 4210 1715 4267 πολιν
1728 4205 1769 4263 καὶ
1782 4200 1856 4259 κακῶν

281 4294 364 4354 δεινόν
377 4294 436 4374 οόχί
449 4299 593 4362 ποιοῦντες·
609 4295 673 4374 φασί
691 4297 721 4375 γε’
737 4320 777 4356 τοι
795 4294 893 4364 πολλάς
908 4299 993 4356 αὐτῶν
1008 4296 1055 4357 καί
1110 4299 1199 4368 ἀπαθῆ
1213 4296 1259 4356 καί
1273 4298 1368 4362 παῖδας
1382 4298 1427 4355 καὶ
1442 4299 1567 4375 γυναῖκας
1578 4296 1721 4376 ἐλευθέρους
1733 4286 1801 4369 (αἰδὲ
1812 4282 1854 4362 γίρ

280 4381 344 4461 πρός
358 4382 439 4459 μόνην
455 4382 524 4455 ἀήθη
540 4380 588 4453 τήν
600 4384 660 4442 θέαν
671 4385 756 4444 τεκαὶ
769 4384 850 4455 ἀκοήν
860 4384 959 4443 τούτων
973 4407 1056 4444 κατα·
1109 4384 1205 4465 ᾔδισάν
1221 4408 1263 4443 πω
1276 4386 1310 4442 τά
1323 4385 1467 4463 γινόμενα),
1480 4386 1615 4463 εὐρώστως
1628 4408 1656 4443 τε
1670 4382 1812 4461 ἠγωνίίθθῖθ
1822 4369 1857 4429 καί

280 4469 424 4549 πλαγείσας
438 4469 514 4550 ἐγγύς
528 4472 610 4529 ἐλθεῖν
621 4473 722 4552 ἀφεῖναι
736 4475 782 4532 καί
794 4472 948 4554 τὴνψυχήν·
966 4474 999 4554 (ε)
1015 4472 1054 4531 ἔτι
1109 4473 1176 4549 μετά
1189 4471 1278 4552 ῥώμης
1292 4473 1420 4548 ἠμύνοντο
1439 4473 1497 4540 τοὺς
1511 4473 1628 4540 ἐπιόντας
1642 4473 1686 4529 καί
1706 4466 1857 4526 ἀπεωθοῦντο,

1290 4603 1852 4637 ——d

306 4731 329 4776 2.
341 4725 580 4791 προστυγχανόντων]
594 4728 629 4777 sic
639 4741 673 4778 m.
691 4733 717 4785 1;
729 4728 822 4792 ἐγτυγχ.
834 4742 868 4779 ιιι.
880 4733 900 4778 1·
920 4730 930 4793 ΙΙ
943 4756 975 4767 -
988 4729 1003 4794 §
1017 4737 1040 4780 5.
1052 4729 1207 4794 ξυνωμοσίας]
1219 4729 1358 4792 συνομοτίας
1367 4727 1454 4789 codex,
1464 4730 1493 4777 ut
1501 4740 1574 4791 supra
1582 4740 1604 4776 c.
1616 4730 1657 4775 52.
1669 4721 1712 4788 Ι-
1724 4721 1738 4783 §
1750 4713 1806 4794 513⁴?
1813 4711 1856 4759 ἂν

279 4797 351 4846 κακὸν
361 4796 428 4861 οἱα]
442 4800 571 4848 structura
580 4798 739 4860 grammatica
752 4799 776 4849 in
788 4800 899 4850 oratione
912 4800 996 4850 vivida
1002 4800 1139 4864 negligitur.
1155 4801 1166 4865 Ι]
1178 4828 1210 4837 -
1222 4802 1305 4862 ἀσημα
1319 4798 1485 4863 φθεγγόμενοι]
1496 4800 1556 4848 Ηιοο
1567 4796 1690 4847 adduntur
1700 4792 1724 4841 in
1735 4793 1836 4848 wssffl‘·
1847 4775 1856 4837 ἰ

279 4891 308 4900 -
321 4865 409 4930 δεινὸν]
420 4868 493 4917 κακὸν
507 4880 600 4930 margo.
617 4868 629 4932 Ι]
641 4868 695 4932 -§
710 4874 733 4917 θ.
746 4870 862 4934 ὀλολυγή]
879 4870 915 4920 sic
926 4884 960 4920 ιιι.
973 4877 996 4935 2,
1011 4870 1136 4934 θλολυγμῷ
1144 4886 1179 4922 m.
1197 4877 1218 4921 1.
1776 4927 1782 4939 ,

310 4935 387 4986 [ΧΠ.
404 4936 419 5001 §
439 4940 460 4987 l.
475 4936 592 5000 Ἀμφάθων
613 4937 756 5002 ίφριπτεῖτο]
771 4939 807 4988 sic
818 4953 852 4988 m.
867 4945 890 4998 2,
901 4941 924 4990 ἀ.
938 4941 1056 5005 ῖρρίπτετο
1071 4954 1104 4991 m.
1118 4945 1140 4991 l.
1158 4941 1168 5004 Ι]
1181 4967 1212 4978 -
1225 4942 1240 5007 §
1251 4949 1274 4993 2.
1289 4938 1462 5005 χωνευόμενοι]
1477 4957 1529 5004 χον.
1539 4938 1594 4989 cod.
1610 4937 1635 4987 h.
1650 4936 1667 4987 1.
1677 4928 1855 5000 οἱεοοιιίοιΰθλ

282 5002 292 5047 ἰ
315 5029 345 5040 -
362 5006 527 5069 πονηροτάτοις
539 5006 614 5071 ἀνδρ]
628 5008 752 5065 Ἰουδαίοις
765 5021 830 5072 mgo.
847 5009 858 5071 1]
872 5035 902 5045 -
916 5010 993 5071 βῖόλοι
1005 5009 1072 5074 οἱα]
1086 5010 1127 5061 Cf.
1142 5012 1225 5062 Ducas
1234 5026 1261 5076 ρ.
1272 5016 1327 5075 312,
1342 5016 1369 5062 14
1384 5031 1391 5061 ε
1406 5013 1449 5069 τάς
1461 5013 1486 5062 δέ
1501 5012 1594 5075 βίόλους
1609 5007 1701 5062 ἁπάσας
1711 5002 1765 5063 ὓθίί
1779 4993 1856 5067 ww?

202 5080 205 5085 ⁴
280 5073 464 5134 ύπερόαινοιίσας
478 5084 531 5133 ταῖς
542 5077 639 5139 άμάῖαις
652 5078 836 5141 φορτηγήσαντες
848 5080 987 5143 ἁπανταχοῦ
1002 5079 1025 5128 ἐν
1034 5085 1064 5143 τη
1083 5080 1184 5144 ἀνατολῇ
1203 5084 1243 5131 καὶ
1256 5083 1321 5132 δύσει
1336 5082 1482 5146 διέσπειραν·
1504 5081 1534 5130 δι’
1556 5080 1606 5133 ἐνὸς
1619 5075 1757 5137 mmm<
1766 5067 1815 5116 δέκα
1828 5058 1856 5141 ἐμ

280 5140 331 5188 ὀλοι
345 5141 529 5207 ἐπιπράσκοντο,
543 5145 740 5211 Ἀριστοτελικαί,
757 5148 917 5211 Πλατωνικαί,
931 5151 1064 5208 θεολογικαί
1078 5152 1119 5199 καὶ
1134 5150 1192 5201 ἀλλο
1202 5156 1250 5200 πᾶν
1268 5152 1329 5209 εἰδος
1346 5151 1439 5214 βίόλου·
1454 5150 1578 5214 εὐαγγέλια
1591 5146 1651 5209 μετά
1663 5144 1749 5204 κόσμου
1763 5139 1856 5185 παντοιου

281 5208 340 5273 θπέρ
357 5214 452 5275 μέτρον,
466 5214 616 5272 ἀνασπῶντες
630 5218 670 5266 τὸν
681 5217 770 5280 χρυσόν
783 5220 822 5267 καί
833 5219 873 5269 τὸν
882 5219 995 5281 ἀργυρον,
1007 5218 1057 5269 ἀλλ’
1067 5220 1189 5283 ἐπώλουν,
1205 5221 1256 5271 ἀλλ’
1273 5222 1387 5287 ίρριπτον.

310 5279 397 5330 Lxlll.
420 5283 458 5333 Cf.
471 5286 585 5350 Βαιεσρ.
598 5288 653 5347 224,
666 5286 853 5352 θίικίοοοοιιθγί.
868 5302 893 5353 p.
907 5291 962 5340 327.
