3906 6034
311 452 352 507 22

311 577 394 657 ἄνδρα
406 579 545 658 πολέμιον,
554 581 599 640 καί
607 582 651 642 ἐπὶ
663 588 701 663 τῷ
713 583 781 667 έργῳ
793 586 876 670 τούτῳ
888 594 1080 675 μεγαλοφρονε-

309 667 402 744 όμενον
415 670 568 749 προσθεῖναι
591 672 637 729 καὶ
658 671 785 753 δεύτερον·
803 679 840 757 τῷ
857 676 907 759 γὰρ
925 679 1081 765 βεόλημίνῳ

307 758 360 812 τῶν
372 756 504 835 πολεμίων
519 781 586 826 τινος
601 759 785 841 παραστάντος
808 764 853 822 καὶ
873 766 903 825 τθ
921 766 995 843 βέλος
1009 771 1081 838 ἐξαι-

308 841 443 921 ρεομένου,
464 845 584 914 τοξεῦσαι
604 839 692 922 αῦτις,
709 849 754 908 καί
768 848 883 931 τυχόντα
901 854 946 914 ἐπὶ
962 859 1001 935 τῷ
1015 880 1081 937 προ·

307 929 374 1010 τέρῳ
385 934 431 990 καὶ
444 939 537 994 τοῦτον
546 938 727 998 κατακτεῖναι.
739 940 773 1016 (a)
790 943 816 999 Τ
816 945 876 999 diro
890 942 1023 1018 ἰδομένους
1034 951 1080 1005 τοῦ

305 1020 399 1087 παιδὸς
412 1020 442 1079 τθ
456 1021 531 1101 ἔργον
547 1023 605 1091 τοὺς
619 1022 666 1101 μίν
678 1025 819 1104 πολεμίους
829 1028 932 1106 θώματι
945 1030 1080 1111 ἐνέχεσθαι

307 1106 403 1189 μυρίῳ,
409 1108 467 1176 τοῦς
477 1109 504 1168 δέ
514 1112 652 1185 πολιήτας,
664 1112 709 1171 καὶ
720 1113 763 1172 ἐπὶ
773 1114 850 1190 μέζον
858 1120 976 1197 αθτοῦτῇ
988 1127 1079 1198 προθυ·

307 1194 356 1274 μίῃ
369 1197 578 1277 προερχομένου,
590 1198 707 1276 ἐπισχεῖν
718 1198 763 1257 καὶ
773 1201 927 1281 ἀναρπάσαι
937 1227 992 1280 μιν,
1001 1205 1076 1288 φόύῳ

306 1281 447 1359 σχομένους
470 1282 508 1359 μή
529 1308 581 1343 τινι
605 1286 658 1366 ἄρα
685 1284 901 1369 παλινκότῳέπλ
923 1293 1078 1372 παραδόξοις

304 1367 373 1427 otico
381 1372 412 1428 ἐκ
421 1370 515 1450 φθόνου
526 1374 647 1449 δαίμονος
658 1374 802 1455 ἔγκυρήση.
821 1376 875 1437 Καί
886 1384 968 1438 ταῦτα
981 1380 1028 1456 μέν
1045 1384 1075 1456 δή

303 1453 384 1524 οὕτως
405 1457 515 1536 ἐγίνετο.
542 1462 577 1539 (ι)
594 1460 665 1540 Πρὸς
678 1460 751 1521 tici
773 1465 948 1545 ἐπιφερόμενα
969 1472 999 1527 ἐκ
1024 1474 1075 1529 τῶν

303 1547 505 1625 μηχανημάτων
516 1550 583 1627 (καὶ)
594 1548 682 1608 πολλά
690 1552 950 1632 δντιτεχνησαμένων
960 1561 1013 1616 τῶν
1022 1559 1075 1618 ἀπὸ

301 1641 347 1694 τοῦ
373 1636 489 1715 τείχεος,
511 1637 544 1695 πθ
560 1638 678 1715 μάλιστα
695 1638 774 1720 λόγου
788 1639 848 1709 ήίξια
873 1641 918 1700 καὶ
933 1644 1076 1724 ἀφηγήσιος

299 1724 433 1801 ἐπιθόμην
447 1724 566 1803 γενέσθαι
583 1724 708 1801 τούτοισι,
720 1733 807 1803 ὁτοιῦτα
821 1730 953 1805 σημανέω.
967 1736 1010 1812 Τῇ
1027 1732 1075 1810 μέν

298 1800 334 1870 ὦν
343 1814 395 1870 ἀπὸ
409 1817 461 1871 τῶν
472 1811 610 1893 πυρφόρων
620 1814 717 1894 βελέων
726 1816 883 1899 ἐλπιζομένῃ
894 1821 994 1902 ὠφελίη
1007 1823 1074 1882 κατὰ

299 1900 406 1959 πάντων
428 1900 524 1977 ὁμοίως
545 1905 598 1960 τῶν
621 1905 822 1983 μηχανημάτων
842 1908 976 1986 ἐχρέοντο·
997 1908 1032 1969 τθι
1046 1914 1073 1971 δὲ

297 1985 418 2068 πυρφόρα
431 1993 514 2048 ταῦτα
534 1988 613 2069 βέλεα
623 1981 656 2063 ἦν
667 1993 764 2054 τοιάδε.
779 1996 813 2072 (ε)
834 1994 909 2056 Ἀντί
923 2002 970 2069 τῆς
987 1997 1073 2078 ἄρδιος

297 2080 344 2149 τῆς
357 2078 422 2158 πρὸς
432 2081 471 2157 τῷ
490 2077 562 2160 ἄκρῳ
577 2084 621 2139 τοῦ
643 2082 730 2142 ὀϊστοῦ
745 2072 800 2161 εἶχε
816 2089 899 2142 ταῦτα
920 2085 1003 2163 τάπερ
1021 2112 1071 2164 με·

297 2164 441 2244 μηχάνητο
455 2165 524 2225 ὥστε
544 2166 573 2226 τὸ
589 2176 640 2247 πῦρ
664 2169 728 2227 αὐτὸ
742 2171 884 2252 ἐπιφέρειν·
898 2179 981 2232 ταῦτα
996 2176 1024 2234 δέ
1039 2169 1070 2249 ἦν

296 2253 419 2335 σιδήρεα,
444 2254 537 2335 ἔχοντα
562 2254 660 2335 ἔνερθεν
683 2259 713 2315 ἐκ
742 2265 788 2318 τοῦ
809 2259 938 2337 πυθμένος
965 2266 1071 2343 κεραίας

295 2342 539 2420 δπικθεθλημένας·
562 2347 588 2403 αί
618 2343 646 2403 δέ
667 2350 772 2424 κεραῖαι
787 2349 870 2428 χωρὶς
893 2352 935 2408 ἐπ’
955 2352 1071 2411 ἑωυτέων

295 2428 479 2503 ἐλαυνόμεναι,
492 2429 583 2491 ἔπειτα
594 2433 782 2511 καμπτόμεναι
794 2436 864 2494 κατδι
878 2437 993 2521 κορυφήν
1005 2440 1071 2520 πρὸς

294 2526 411 2600 ἀλλήλας
425 2525 573 2606 ξυνήγοντο·
587 2531 778 2610 συναφθεισέων
798 2531 824 2590 δὲ
839 2533 936 2593 τούτων
948 2536 973 2603 ἐς
990 2536 1069 2617 ἄκρον

292 2612 351 2680 inte
367 2614 432 2685 ίθείη
447 2616 492 2673 καὶ
506 2614 617 2690 ὀξυτάτη
633 2618 685 2676 ἀπὸ
703 2618 809 2678 πόσεων
824 2620 903 2692 ἐξήιε.
927 2624 982 2695 Τῆς
994 2624 1020 2682 δέ
1036 2627 1067 2698 δὴ

293 2701 521 2782 μεμηχανημένης
537 2706 617 2772 οὕτως
633 2708 706 2787 ἔργον
721 2700 772 2781 ήν,
788 2709 848 2767 κατ’
862 2709 928 2768 δτεω
949 2710 979 2770 διν
986 2715 1068 2792 ἐνεχ·

291 2790 363 2864 θείη,
375 2793 624 2871 προσπερονημένην
637 2820 680 2870 μιν
697 2797 841 2858 ένεστάναι.
856 2801 889 2881 (a)
900 2799 1007 2873 Ταύτης
1020 2803 1066 2875 μὲν

291 2881 339 2950 τῆς
361 2880 448 2946 ἀκίδος
468 2880 543 2959 ἔργον
557 2874 589 2955 ήν
607 2891 691 2944 τοῦτο’
706 2886 737 2944 τὸ
750 2886 778 2945 δέ
798 2887 841 2945 ἐπὶ
855 2891 893 2967 τῷ
907 2888 969 2969 πυρὶ
985 2912 1067 2951 σπου-

295 2966 436 3045 δαζόμενον
454 2959 506 3029 ὦδε
529 2972 675 3052 ένηργέετο.
700 2974 897 3053 Καμπτόμεναι
918 2979 947 3034 αἱ
960 2989 1065 3057 κεραῖαι

288 3054 386 3117 κόλπον
408 3058 513 3132 κοῖλον,
537 3059 606 3123 nari
627 3060 672 3121 τθν
692 3063 846 3123 διεστεῶσαι
867 3055 935 3137 ἦσαν
951 3068 998 3125 ἀπ’
1018 3071 1065 3127 il-

292 3144 411 3220 ληλέων,
422 3146 540 3223 ἐποίεον,
552 3141 605 3208 οἷον
616 3150 647 3220 δή
663 3151 709 3211 καὶ
723 3150 774 3232 [αἱ]
791 3156 843 3211 τῶν
856 3154 1064 3234 αὐτοεργουσέων
1082 3144 1087 3151 “

286 3237 417 3307 γυναικῶν
431 3234 581 3308 ήλακάται,
596 3238 656 3317 περὶ
675 3239 706 3307 ἃς
720 3239 751 3309 δή
772 3240 911 3322 στρέφεται
932 3243 963 3302 τθ
984 3244 1063 3323 εἴριον

286 3316 378 3386 ἔξωθεν
391 3320 630 3399 περιῦαλλόμενον,
644 3328 690 3383 ἀπ’
706 3316 742 3384 ὧν
758 3325 790 3398 δή
810 3328 854 3386 τὸν
875 3328 995 3408 στήμονα
1009 3355 1064 3390 κα-

284 3404 404 3483 τάγουσι.
420 3408 528 3477 Μεταξὺ
543 3409 635 3470 τούτου
648 3418 693 3472 τοῦ
708 3414 808 3472 κόλπου
824 3414 887 3474 εἴσω
903 3419 1062 3492 στυππίονή

285 3493 331 3551 καὶ
357 3493 421 3562 ξύλα
439 3495 541 3570 λεπτθι,
564 3500 633 3559 θείου
653 3502 754 3560 αὑτοῖσι
767 3506 1062 3583 προσπλασσαμένουή

284 3582 388 3663 καὶτῷ
415 3584 526 3666 Μηδείῳ
549 3587 630 3647 έλαίω
655 3591 807 3669 καλεομένῳ
831 3592 898 3650 αὐτὰ
924 3594 1063 3673 χρίσαντες

283 3670 439 3734 ἐνετίθεσαν.
457 3674 493 3754 (7)
505 3678 562 3736 Τοῦ
573 3676 596 3734 δ’
611 3701 649 3735 ων
664 3678 795 3756 ἀτράκτου
807 3677 975 3756 τοξευομένου
1000 3682 1058 3753 ἤτοι

284 3758 335 3817 unt
351 3767 477 3841 μηχανῆς
490 3763 508 3835 ἣ
522 3764 567 3822 καὶ
579 3764 724 3838 τοξοτέων,
739 3766 772 3825 τδι
793 3767 935 3847 ἐνεχόμενα
950 3770 1060 3843 ὑπὸτῆς

283 3847 367 3924 ῥύμης
378 3848 504 3921 ἐξήπτετο
514 3852 560 3910 καὶ
571 3852 685 3932 ἇφθέντα
698 3855 782 3935 φλόγα
794 3856 890 3919 ἐποίεε.
908 3858 1059 3918 Ἰὀιούτοισι

283 3934 330 4011 μέν
341 3935 372 4010 δή
388 3939 446 3997 κατ’
456 3940 581 3999 ἁπάντων
591 3945 643 4000 τῶν
658 3944 858 4024 μηχανημάτων
867 3946 998 4027 ἐχρέοντο,
1010 3951 1056 4007 καὶ

281 4023 333 4083 dni
353 4026 452 4085 τούτων
472 4031 577 4090 πολλῶν
589 4030 645 4108 ἅμα
669 4033 876 4112 ἐκπεμπομένων
899 4035 1000 4117 ὠφελίη
1019 4059 1058 4104 τις

280 4110 392 4189 ἐγένετο·
411 4116 465 4176 ἀπό
478 4141 508 4196 γε
531 4117 626 4197 ὀλίγων
645 4119 664 4205 ᾗ
685 4121 784 4201 σμικρὴ
799 4123 816 4193 ἢ
833 4126 879 4183 οὐκ
902 4123 934 4181 ἂν
959 4124 991 4196 δή
1020 4149 1057 4192 τις

280 4201 396 4274 τοσαύτη
410 4204 529 4283 προσείη·
544 4205 624 4286 ἣγδιρ
639 4207 692 4266 ὑπὸ
705 4213 756 4268 τῶν
773 4210 891 4290 βυρσέων
905 4210 1023 4292 έργοιντο
1037 4211 1054 4284 ἢ

1061 467 1208 532 eusanii

1136 600 1277 667 aberrasse,
1292 609 1336 658 scd
1352 610 1449 663 hostem
1461 616 1593 683 occidisse,
1608 633 1685 685 coque
1698 623 1798 675 inducre
1810 639 1883 691 super·

1136 695 1243 769 hientern
1258 703 1318 756 huic
1334 707 1457 761 addidisse
1467 713 1541 764 etiam
1560 715 1677 779 atterum3
1695 718 1803 770 videlicet
1820 736 1885 786 quum

1135 797 1246 848 sauciato
1259 800 1358 853 adstans
1374 821 1438 856 unus
1455 822 1484 859 ex
1505 810 1619 863 hostibus
1634 816 1711 865 telum
1730 817 1825 868 vulnere
1843 821 1885 870 eri

1134 896 1224 953 meret,
1237 896 1356 959 sagitaaae
1367 900 1458 952 iterum
1469 907 1495 953 et
1510 918 1612 970 scopum
1628 906 1753 958 lenientem
1765 915 1818 974 post
1830 912 1885 974 prio·

1137 1004 1191 1042 rem
1202 991 1376 1056 huncquoque
1386 994 1468 1046 virum
1479 996 1639 1050 interfecisse.
1652 999 1687 1065 (t)
1697 1003 1749 1052 liae
1761 1001 1825 1066 pueri
1835 1001 1889 1051 iaci·

1137 1094 1186 1131 uus
1199 1083 1338 1145 spectantes
1346 1081 1431 1134 hostes
1437 1084 1537 1147 quidem
1545 1100 1691 1152 magnopere
1698 1089 1824 1139 admiratos
1831 1103 1885 1150 ease,

1132 1179 1199 1230 cives
1225 1195 1298 1245 vero,
1320 1182 1346 1232 in
1361 1184 1439 1247 maius
1459 1186 1608 1251 procedente
1623 1189 1678 1253 ejus
1700 1189 1812 1252 audacia,
1830 1190 1886 1240 aoid·

1131 1278 1215 1330 buisse
1228 1294 1287 1330 eum
1303 1285 1329 1332 et
1341 1282 1495 1347 abripuisse,
1516 1288 1655 1336 metuentes
1672 1300 1702 1337 ne
1718 1288 1774 1350 poet
1786 1288 1833 1337 tam
1846 1286 1888 1335 ino

1131 1378 1227 1440 pinatos
1238 1393 1367 1430 successam
1377 1383 1402 1431 in
1412 1382 1543 1433 adversam
1558 1386 1684 1435 tartunam
1697 1385 1797 1436 deorum
1810 1384 1887 1434 invidia

1130 1476 1274 1528 offenderet.
1291 1482 1370 1543 Atque
1385 1479 1439 1531 hnc
1450 1482 1551 1544 quidem
1567 1484 1614 1534 hoc
1624 1484 1762 1535 hahuerunt
1772 1482 1847 1533 mmo.
1858 1481 1887 1544 (tt

1130 1577 1222 1625 contra
1244 1589 1274 1626 ea
1291 1579 1375 1628 antem
1393 1568 1449 1641 ηλιω
1473 1592 1488 1628 e
1506 1581 1627 1631 machinis
1647 1581 1798 1640 terebantur,
1824 1593 1890 1644 quun

1128 1674 1208 1724 multa
1226 1687 1356 1725 murorum
1376 1681 1570 1741 propugnatores
1589 1678 1725 1730 artiticiose
1742 1679 1817 1729 mohti
1836 1679 1889 1739 sint,

1128 1784 1174 1835 ego
1187 1785 1216 1822 m
1233 1785 1291 1835 quae
1304 1771 1430 1839 mentione
1450 1777 1477 1824 ct
1499 1776 1655 1826 enarratione
1674 1776 1814 1840 dignissima
1832 1788 1890 1825 con-

1128 1871 1189 1933 peri,
1201 1870 1254 1934 iam
1263 1871 1414 1934 significabo.
1428 1872 1592 1937 igniferorum
1607 1874 1684 1938 igitur
1694 1874 1798 1925 telorum
1807 1874 1891 1937 sperata

1127 1968 1235 2020 utilitate
1256 1974 1341 2022 contra
1370 1985 1456 2022 omnes
1477 1971 1578 2037 perinde
1604 1972 1735 2024 machinae
1762 1973 1890 2023 utebantur.

1127 2069 1203 2119 Erant
1213 2082 1272 2119 voro
1286 2069 1389 2134 ignifera
1406 2070 1455 2120 ista
1465 2070 1616 2133 huiuamodi.
1630 2074 1666 2137 (5)
1686 2071 1801 2135 cuspidis
1809 2070 1858 2120 loco
1870 2066 1891 2117 iu

1125 2168 1235 2216 extrema
1248 2167 1336 2231 sagitta
1346 2167 1472 2218 habebant
1482 2167 1549 2231 quod
1561 2168 1627 2232 ignis
1641 2167 1762 2219 inserendi
1773 2181 1841 2218 causa
1849 2178 1891 2214 ma·

1125 2260 1217 2310 chiuati
1225 2264 1304 2310 erant.
1316 2262 1431 2311 Ferreum
1445 2260 1501 2310 hoc.
1518 2262 1556 2311 Ab
1566 2261 1620 2313 imo
1632 2263 1686 2327 eius
1702 2261 1778 2312 laudo
1787 2260 1834 2311 duo
1845 2272 1891 2309 cor-

1124 2371 1173 2407 nua
1194 2358 1392 2423 projiciebantur.
1409 2361 1469 2409 liure
1487 2373 1592 2419 cornua,
1617 2374 1678 2424 qua
1694 2360 1797 2411 seorsim
1811 2371 1852 2422 pro
1865 2369 1889 2405 se

1124 2455 1240 2518 quodque
1262 2456 1444 2520 emittebantur,
1460 2457 1485 2507 in
1507 2457 1602 2508 vertice
1625 2460 1692 2509 liena
1712 2458 1737 2507 iu
1750 2471 1776 2508 se
1795 2453 1888 2505 invicem

1123 2539 1332 2603 conducebantur.
1345 2557 1382 2604 Ex
1391 2555 1430 2605 bie
1439 2555 1462 2604 in
1472 2555 1632 2606 extremitate
1645 2556 1682 2606 sic
1694 2556 1807 2606 connexis
1818 2552 1889 2616 apicu-

1122 2651 1175 2700 lum
1189 2650 1271 2701 exibat
1282 2656 1378 2702 rectum
1392 2657 1418 2703 et
1430 2656 1590 2717 peracutum,
1606 2655 1682 2718 cuius
1692 2654 1816 2719 negotium
1825 2650 1848 2700 iu
1865 2661 1891 2698 eo

1122 2750 1816 2815 eratpositum,utinquodcunqueterretur,ciintisum
1824 2747 1890 2798 inhe-
1925 2778 1927 2785 ,

1121 2849 1194 2897 reret.
1207 2847 1302 2911 (uilloc
1312 2847 1387 2912 igitur
1396 2847 1542 2913 eratapicnti
1551 2862 1661 2901 munus.
1675 2841 1892 2913 ignuvcrotmmia

1120 2946 1212 2995 aionem
1223 2945 1346 2995 talimodo
1355 2945 1454 2996 elicere
1463 2945 1606 2996 studebant.
1623 2947 1698 2997 Flexa
1707 2946 1849 3001 blacorum,
1857 2938 1894 2989 uhi

1120 3059 1134 3094 n
1149 3059 1176 3095 se
1194 3045 1301 3094 inricem
1310 3042 1449 3107 dietabant,
1464 3042 1546 3093 einum
1558 3042 1621 3094 aive
1630 3038 1895 3094 cavitatemlaciebaut.

1118 3142 1317 3207 quatemhabent
1330 3140 1405 3192 etiam
1414 3140 1569 3204 operantium
1586 3142 1727 3193 mulierum
1745 3139 1799 3201 coli,
1810 3136 1894 3201 quibua

1118 3241 1269 3291 extrinsecus
1285 3239 1341 3289 lana
1358 3236 1568 3299 circumvolvitur,
1585 3237 1656 3289 unde
1676 3240 1768 3289 stamen
1791 3231 1893 3281 ducunt.

1118 3341 1184 3388 intra
1199 3337 1266 3387 hunc
1285 3337 1382 3387 atreum
1398 3337 1497 3399 stupam
1513 3334 1643 3387 ueletiam
1660 3336 1754 3387 minuta
1771 3331 1835 3395 liguo
1846 3328 1894 3378 sul·

1117 3434 1195 3497 phare
1209 3433 1294 3483 induta
1304 3432 1345 3483 uel
1358 3432 1452 3482 Medeae
1463 3431 1532 3495 quod
1542 3438 1639 3483 vocant
1649 3433 1707 3484 oleo
1716 3430 1818 3482 inuncta
1826 3424 1892 3477 coito·

1118 3528 1215 3580 cabant.
1260 3532 1294 3593 (7)
1314 3533 1370 3581 iam
1382 3530 1460 3581 misso
1475 3530 1522 3580 hoc
1536 3531 1594 3581 tuso
1606 3532 1647 3583 vel
1663 3531 1785 3582 machine
1795 3537 1840 3591 ops
1853 3524 1887 3571 vel

1117 3636 1132 3671 a
1145 3618 1288 3681 sagineris,
1300 3620 1406 3671 materia
1419 3620 1485 3670 intus
1498 3620 1598 3671 inclusa
1611 3621 1700 3685 jactas
1712 3619 1806 3683 impetu
1817 3614 1893 3664 incen-

1114 3724 1217 3774 debatur
1226 3727 1251 3774 et
1263 3724 1363 3773 incensa
1376 3721 1501 3770 lammam
1513 3718 1613 3770 edebat.
1622 3736 1628 3749 ·
1637 3719 1743 3769 Talibus
1756 3717 1831 3781 igitur
1841 3708 1893 3762 tetis

1113 3824 1199 3870 eontra
1210 3832 1296 3869 omnes
1315 3818 1441 3869 machinas
1462 3816 1607 3881 utebantur,
1632 3821 1660 3871 et
1674 3814 1794 3880 quoniam
1813 3819 1894 3873 magua

1112 3938 1199 3977 eorum
1209 3923 1279 3986 copia
1292 3918 1462 3980 emittebatur,
1480 3918 1575 3968 utilitas
1589 3917 1713 3982 quaedam
1734 3915 1794 3966 hiuc
1808 3911 1894 3962 redun-

1112 4025 1200 4084 dabat3
1221 4037 1236 4072 a
1255 4020 1342 4087 paucis
1362 4022 1445 4070 tamen
1459 4018 1498 4068 vel
1511 4030 1590 4082 parra
1611 4018 1656 4067 vel
1671 4029 1723 4067 nou
1746 4014 1817 4065 tanta
1834 4011 1896 4061 certe

1111 4124 1198 4184 tuerit3
1214 4124 1259 4173 aut
1270 4121 1335 4172 enim
1349 4120 1427 4184 peltae
1440 4130 1469 4168 ea
1481 4116 1622 4177 arcuerim,
1638 4119 1686 4168 aut
1703 4113 1834 4171 machina,
1845 4119 1896 4172 que

1111 4237 1199 4285 magno
1209 4233 1312 4271 numero
1329 4217 1361 4268 nd
1378 4214 1557 4279 exstinguenda
1574 4213 1697 4265 incendia
1716 4209 1896 4277 comparantur·

278 4347 1896 4386 ...ῃ-*Μ

309 4459 361 4522 §3.
374 4462 555 4526 προιρχομίνου]
580 4481 781 4529 προσερχομενους
800 4468 856 4519 eod.

308 4529 357 4594 §ln
371 4532 412 4579 καὶ
428 4533 486 4582 aute
498 4535 573 4583 πολλὰ
591 4533 708 4586 abundat.
722 4537 732 4600 ΙΙ
754 4565 781 4572 -
797 4538 915 4603 ἐχρέοντο]
933 4541 1053 4603 εχθρεοντο
1070 4537 1154 4587 codex.
1170 4534 1181 4598 ΙΙ
1195 4561 1226 4574 -
1235 4528 1354 4592 concuret]
1364 4545 1469 4578 WW
1481 4526 1566 4577 ww·
1578 4526 1704 4576 F⁰ft⁸⁵⁸⁰
1715 4528 1801 4575 tmen
1816 4521 1897 4571 ³⁰⁰¹&

277 4600 375 4664 scripsit
390 4601 501 4665 τοοτόσε,
517 4617 667 4667 quamquam
681 4606 735 4669 ejus
755 4607 824 4656 cocis
839 4610 978 4672 exemplum
990 4609 1113 4659 desidero.
1343 4673 1348 4683 ·
1857 4664 1861 4673 ,
1873 4662 1881 4708 γ

306 4671 357 4735 §⁵-
369 4673 406 4722 Dc
416 4672 629 4725 machinaistaita
637 4678 718 4726 imm.
727 4673 882 4729 Marcellinus
898 4684 936 4737 23,
946 4682 971 4739 t,
987 4681 1014 4728 n
1024 4697 1031 4727 :
1042 4675 1185 4727 n'iiattcoii
1194 4673 1294 4732 auten,
1304 4671 1348 4721 teta
1356 4682 1446 4733 annm,
1458 4664 1789 4753 ieirqtl“,rh⁰⁶·³i³⁶⁶l⁶·
1801 4664 1870 4725 δασύ
1882 4670 1897 4707 ⁴¹

276 4743 313 4791 eat
329 4753 442 4805 cannen,
460 4743 529 4793 inter·
543 4746 674 4807 spiculum
692 4747 720 4796 ct
733 4749 894 4799 urnrrdinern
903 4746 1038 4813 multifido
1051 4749 1130 4813 ferro
1149 4744 1349 4807 cocnmentutc,
1366 4752 1422 4805 parc
1431 4741 1460 4789 tn
1476 4738 1614 4821 nr-utrebrrs
1631 4741 1687 4791 cole
1703 4739 1836 4805 formem.
1850 4740 1897 4796 ‘ii‘’

274 4813 372 4866 nentur
388 4812 472 4864 lintea
485 4817 611 4876 stamina,
626 4821 791 4870 concavatur
806 4822 895 4870 uentre
915 4819 1048 4870 subtiliter
1065 4822 1089 4870 et
1105 4815 1282 4881 pinniartan
1291 4816 1402 4894 pateras,
1414 4812 1495 4874 atque
1512 4823 1540 4858 ιιι
1554 4808 1635 4892 niveo
1658 4814 1720 4875 ipso
1736 4814 1825 4896 ionem
1843 4813 1899 4855 cam

276 4882 485 4949 οίίςυοσιιεοίμιι
494 4887 629 4937 alimento.
643 4891 712 4939 Etsi
725 4892 818 4939 ernisra
828 4890 925 4941 tentius
932 4904 997 4941 arcu
1009 4892 1125 4942 inualido
1140 4890 1210 4955 (ictu
1223 4888 1295 4937 enin
1301 4882 1437 4947 rapidiore
1445 4879 1636 4964 exstirpantur)
1650 4881 1898 4961 insertionem,

276 4955 402 5004 tenaciter
410 4960 520 5019 cremat,
535 4960 662 5023 aquisque
674 4973 813 5021 conspersa
827 4963 943 5011 acriores
955 4965 1055 5013 excitat
1066 4964 1141 5012 resins
1159 4958 1352 5016 incendiorum,
1371 4966 1418 5004 nec
1431 4949 1621 5003 romanorun
1637 4966 1728 5018 quana
1744 4948 1898 5021 supruraclt

275 5025 384 5087 pulvere
393 5030 551 5092 cumopitur.
565 5049 576 5072 ν
590 5030 629 5079 ct.
645 5030 742 5081 vitruv.
756 5037 793 5091 to,
808 5038 853 5087 am
865 5034 950 5095 vegei.
963 5034 1013 5084 biit.
1030 5038 1054 5094 t,
1066 5040 1102 5085 ιε.

307 5093 322 5155 §
333 5102 356 5144 θ.
367 5098 407 5143 καὶ
419 5095 465 5161 [αὶ]
477 5105 524 5147 τῶν
534 5099 734 5164 αύτοεργουσέων]
745 5102 785 5149 καὶ
796 5107 843 5150 τῶν
853 5103 927 5159 οὕτως
938 5105 1057 5166 ἐχουσέων
1070 5103 1154 5152 codex.
1170 5100 1276 5164 Longius
1290 5095 1414 5149 abraditis
1425 5094 1503 5145 literis
1512 5092 1646 5159 recederet
1658 5102 1711 5148 τῶν
1721 5096 1842 5147 νεουσὲιυν
1850 5092 1898 5141 iiie

276 5165 411 5222 νηθουσέων
426 5174 551 5226 γυναικῶν.
569 5169 580 5234 ΙΙ
599 5200 630 5213 -
650 5170 729 5234 είριον]
749 5172 809 5235 ῐριον
830 5170 916 5229 codex,
931 5171 974 5234 qui
986 5171 1043 5221 dein
1053 5189 1080 5221 το
1096 5173 1240 5234 eruperaet
1255 5187 1324 5226 εισως
1340 5184 1434 5219 τυπτιον
1451 5169 1478 5216 et
1486 5181 1618 5229 χρησαντες
1633 5168 1823 5234 (suprascripto
1834 5166 1863 5227 ει)
1878 5161 1903 5211 ct

275 5236 428 5286 ινετειθεσαν.

307 5306 357 5370 §7.
368 5306 477 5363 ἐξήπτετο
491 5309 530 5357 καὶ
550 5301 658 5374 ἀρθέντα]
669 5313 771 5375 ἐξεφθετο
789 5314 829 5362 καὶ
850 5329 948 5374 sparum
967 5313 1052 5373 ρλογας
1066 5328 1131 5362 ποιει
1144 5310 1231 5361 codex.
