3842 6036
252 444 311 504 {42

253 568 440 647 ξυμόήσεσθαι.
457 570 500 648 Τῇ
516 567 538 626 δ’
549 565 676 648 ίιστεραίορ
689 565 862 647 παραγίνεται
876 566 923 627 καλ
935 558 1024 643 ούτος,

252 662 298 720 καί
323 656 557 737 στρατοπεδεύεται
582 656 633 734 πρὸ
656 660 704 726 τῆς
727 657 838 728 πόλεως,
855 655 900 713 καὶ
923 654 1026 736 κήρυκα

252 750 360 828 πέμψας
373 746 416 804 τίιν
431 746 551 821 Θωμᾶν,
566 747 740 824 προκαλεῖται
753 746 799 802 καί
817 743 894 811 αὐτὸς
907 743 952 802 ἐπί
966 743 1027 819 ξυμ·

253 834 344 900 δάοεις
363 834 455 898 αὐτοὺς
470 832 514 891 ἐπὶ
531 840 584 899 τοῖς
598 834 683 900 αὐτοῖς
697 832 743 892 καί
757 832 872 909 ὁμοίοις,
884 834 916 913 ἐρ
936 824 1027 911 οἷσπερ

253 923 298 982 καί
312 920 519 1000 Μαχουμούτης.
536 922 569 998 (7)
581 923 616 980 Οί
629 920 656 978 δὲ
671 926 717 979 τοῦ
733 921 845 998 κήρυκος
858 920 1026 995 ἀκούσαντες,

253 1009 325 1088 δῶρά
338 1033 367 1068 τε
380 1010 493 1067 πλιῖστα
513 1008 558 1068 καί
579 1009 710 1067 κάλλιστα
731 1008 916 1084 ἑτοιμάσαντες
938 1006 1026 1079 εὐθὺς,

253 1098 300 1159 καί
314 1097 409 1177 ἀνδρας
420 1095 480 1163 τούς
498 1095 619 1177 ἀρίστους
638 1097 710 1174 σριῦν
725 1092 911 1168 ἀπολεξάμενοι
925 1091 970 1150 καλ
984 1091 1027 1151 πί-

252 1209 323 1253 στεις
346 1187 432 1252 δόντες
460 1186 547 1251 αὐτοῖς
570 1182 759 1259 ἐκπέμπουσιν.
782 1185 817 1242 Οί
834 1179 861 1239 δὲ
877 1181 1028 1262 ἀρικόμινοι

381 1280 398 1294 '⁴
443 1295 473 1332 τι
485 1271 530 1331 τὸν
545 1272 657 1352 βασιλέα
673 1273 719 1329 καί
736 1269 862 1340 ξυνθήκας
875 1273 1026 1338 ποιοῦνται,

254 1363 301 1423 καί
313 1362 407 1443 ἀρποιις
422 1362 510 1428 δόντες
529 1360 576 1421 καί
595 1359 725 1426 λαόύιτας
736 1355 911 1439 παραδιδόασι
933 1357 981 1425 τήν
999 1379 1028 1414 τε

253 1451 331 1511 πόλιν
342 1450 389 1509 καί
400 1446 512 1515 ἑαυτούς
523 1449 645 1527 βασιλεῖ,
655 1446 704 1505 καί
717 1446 863 1514 ἀνοίξαντες
880 1442 929 1510 τάς
944 1443 1029 1508 πίλοις

253 1539 377 1619 δίχονται
393 1537 591 1616 Μαχοομοότεα
607 1535 677 1614 ματίι
690 1539 739 1606 τῆς
758 1540 902 1614 στρατιᾶς,
915 1532 961 1591 u}
975 1557 1028 1594 ιτα-

256 1625 423 1704 ραλαμύάνει
439 1622 637 1704 Μαχουμούτης
657 1622 705 1693 τὴν
724 1620 814 1681 πόλιν.
828 1621 862 1700 (ε)
879 1618 981 1687 Ἤιτει
1001 1623 1029 1681 δδ

258 1712 304 1771 καί
319 1712 441 1790 βασιλεὺς
450 1714 646 1792 Τραπεζοῦντος
657 1708 699 1777 ξύν
711 1732 741 1786 γε
755 1707 833 1767 παισὶ
847 1706 894 1767 καί
907 1709 1030 1787 τοῖςπερὶ

254 1799 334 1860 αίιτθν
360 1800 458 1859 ἀπασιν
482 1801 508 1866 ἐς
529 1795 705 1877 προσκύνησιν
724 1801 769 1855 τοῦ
786 1793 924 1874 βασιλέως.
944 1793 977 1855 ‘0
1001 1796 1028 1854 δὲ

251 1888 358 1967 δέχεται
369 1892 460 1948 τοῦτον
474 1886 579 1966 ἡμέροις
591 1886 636 1945 καί
656 1882 859 1965 ιριλανθρόιποις,
873 1882 919 1941 καί
941 1881 1029 1951 δεξιω·

670 434 872 498 CRITOBULI
894 438 1160 501 HISTORIARUM
1182 440 1251 500 ΗΒ.
1277 440 1328 511 lv,
1350 441 1431 500 740.

1081 569 1157 628 πείαν
1171 572 1379 648 Τραπεζοῦντος,
1392 569 1482 628 δίδωσι
1495 567 1524 627 δέ
1537 567 1583 626 καί
1594 569 1645 625 τῦιν
1663 565 1723 627 ἀπὸ
1737 570 1789 638 τῆς
1800 567 1866 634 ἰδίας

1083 660 1164 730 αὐλῆς
1186 658 1281 734 ἀνδρας
1301 657 1452 724 ἐπιλέκτους
1473 655 1657 736 τετρακοσίους
1681 659 1710 723 ἐς
1731 656 1862 735 φυλακήν.

1082 748 1114 824 [ι]
1129 744 1270 822 Διαγαγδιν
1292 745 1318 803 δὲ
1341 747 1370 805 οὐ
1388 743 1488 813 πολλάς
1502 742 1604 823 ἡμέρας
1622 746 1707 802 αθτοῦ
1720 742 1771 803 καλ
1788 742 1864 801 τίιέν

1082 838 1115 911 τῇ
1133 833 1210 891 πολει
1231 833 1467 907 καταστησάμενος
1489 831 1592 903 πάντα,
1605 837 1641 897 ὧς
1656 821 1692 902 ἦν
1708 832 1784 910 αὐτῷ
1798 829 1865 890 κατά
1889 864 1892 870 ·

1081 927 1158 993 νοῦν,
1172 921 1237 1000 ἀρας
1256 922 1353 980 ἐκεῖθεν
1376 920 1419 1000 ᾔει
1439 919 1486 990 τὴν
1510 918 1590 990 αὐτήν
1614 910 1693 985 αύθις
1717 919 1762 976 ἐπ’
1781 917 1861 979 οίκον.

1082 1010 1224 1085 Γενόμενος
1238 1008 1267 1068 δὲ
1281 1008 1349 1066 κατά
1362 1009 1410 1077 τὴν
1430 1006 1564 1070 Χασάνεοι
1580 1006 1692 1087 χώραν,
1708 1005 1863 1083 ἀποπίμπε.

1081 1096 1129 1167 τήν
1145 1095 1249 1175 μητέρα
1264 1097 1361 1168 αὐτοῦ,
1374 1093 1461 1154 πολλά
1475 1095 1664 1174 δωρησάμενος
1677 1093 1728 1152 καί
1739 1094 1861 1170 τιμήσας,

1083 1182 1214 1258 ἐκπέμπει
1229 1180 1256 1239 δὲ
1270 1182 1316 1240 καί
1337 1181 1459 1260 πρίσόεις
1476 1181 1519 1251 ξῦν
1539 1183 1604 1260 αὐτῇ
1625 1183 1652 1249 ἐς
1667 1181 1800 1241 Χασάνεα
1820 1179 1861 1240 τίον

1082 1270 1156 1345 υίίιν,
1171 1270 1285 1335 σπονδάς
1304 1292 1333 1327 τι
1355 1272 1471 1328 ἀνανιῦιν
1489 1271 1535 1328 καί
1549 1271 1621 1349 ρίλον
1639 1270 1689 1329 καί
1705 1267 1858 1347 ξύμμαχον,

1082 1352 1226 1438 ᾗ’πρόσθεν
1237 1357 1316 1437 ίρην,
1327 1357 1397 1437 ἔχειν
1413 1357 1579 1436 βουλόμενος.
1595 1359 1627 1435 (ο)
1638 1357 1676 1417 ‘0
1689 1358 1777 1416 δὲκαὶ
1789 1357 1860 1421 αύτδς

1083 1445 1242 1523 ἀντιπέμπει
1264 1445 1387 1525 πρίσόεις
1411 1448 1437 1514 ἐς
1462 1445 1573 1524 βασιλέα
1594 1444 1669 1525 δῶρά
1689 1468 1720 1504 τε
1741 1443 1860 1525 ρόροντας

1083 1536 1130 1594 καί
1144 1533 1332 1615 ξυγχαίροντας
1345 1537 1417 1615 αιίτῷ
1430 1539 1482 1593 τῶν
1496 1535 1716 1611 κατορθωμάτων
1727 1534 1775 1592 καί
1787 1534 1859 1612 χάριν
1905 1538 1906 1543 ’

1083 1626 1272 1702 ὁμολογοῦντας
1292 1626 1339 1693 τῆς
1363 1625 1388 1689 ἐς
1410 1622 1458 1693 τήν
1473 1622 1578 1702 μητέρα
1597 1626 1696 1697 τιμῆς,
1712 1623 1758 1681 καί
1775 1621 1857 1700 φιλίαν
1905 1652 1906 1661 ι

1084 1714 1132 1774 καλ
1161 1712 1314 1791 ξυμμαχίαν
1339 1711 1519 1792 βιόαιοῦντας.
1547 1711 1680 1779 Βασιλεύς
1708 1712 1737 1770 δὲ
1765 1715 1856 1771 ἐκεῖθεν
1905 1712 1906 1723 ²

1083 1804 1208 1878 ὁρμηθεὶς
1229 1800 1275 1857 καί
1298 1798 1340 1859 ἀεὶ
1362 1800 1465 1879 απουδῇ
1487 1798 1605 1858 ἐλαύνων
1628 1799 1677 1859 ἐπί
1700 1799 1737 1857 τὰ
1758 1797 1855 1879 πρόσει,
1905 1802 1906 1807 ’

1084 1886 1213 1946 διαόαίνει
1243 1909 1273 1945 τε
1302 1886 1347 1946 τόν
1382 1890 1489 1967 Ταῦρον
1525 1887 1654 1968 όσραλῦις
1692 1886 1740 1944 καί
1773 1893 1855 1945 πᾶσαν
1905 1886 1906 1919 ³

1084 1976 1132 2047 τήν
1154 1973 1252 2051 μεταξύ
1273 1974 1381 2034 διελθὼν
1401 1977 1430 2035 όν
1446 1973 1518 2035 M
1538 1974 1584 2033 καί
1607 1973 1694 2035 τίκοσι
1715 1982 1773 2040 ταῖς
1790 1972 1856 2039 όλαις
1905 1984 1906 2015 ³

1086 2060 1197 2139 ἡμέραις
1220 2065 1366 2139 ἀρικνεῖται
1380 2061 1405 2126 ἐς
1426 2059 1473 2130 τήν
1487 2057 1638 2140 Προυσίαν,
1652 2061 1702 2119 καί
1714 2062 1764 2133 τήν
1779 2081 1854 2137 στρα-
1905 2120 1906 2131 γ

1086 2148 1145 2206 τιάν
1162 2146 1260 2227 διαρείς
1274 2146 1430 2206 διαναπαύει
1444 2145 1521 2206 αύτόν
1536 2170 1564 2205 τε
1576 2145 1625 2205 καί
1640 2147 1703 2215 τοὺς
1715 2148 1772 2224 μετ’
1783 2147 1855 2205 αίιτοῖ
1905 2148 1906 2189 ί

1087 2239 1198 2296 ἐνταῦθα
1212 2233 1315 2313 ἡμέρας
1329 2238 1359 2293 οὖ
1374 2236 1487 2315 συχνάς,
1505 2235 1550 2293 καί
1571 2234 1642 2312 μετά
1665 2240 1759 2309 τοῦτο,
1774 2239 1854 2314 φθινο-

1086 2324 1176 2405 πώρου
1189 2322 1314 2400 λήγοντος
1336 2322 1403 2394 ἤδη,
1417 2323 1591 2400 παραγίνεται
1609 2324 1637 2390 ἒς
1656 2322 1687 2382 τὸ
1710 2322 1854 2390 Βυζάντιον.

1087 2412 1141 2473 Καὶ
1151 2409 1263 2483 Ἰἔννατον
1277 2411 1322 2468 καὶ
1337 2409 1475 2482 ἑξηκοστόν
1488 2411 1544 2482 ἔτος
1556 2409 1623 2490 πρὸς
1637 2419 1692 2477 τοῖς
1703 2407 1852 2472 ἐννακοσίοις

1086 2499 1132 2558 καί
1145 2497 1331 2578 ἑξακισχιλίοις
1344 2506 1398 2566 τοῖς
1411 2496 1480 2565 όλοις
1491 2498 1602 2574 ἠνύετο,
1618 2498 1754 2559 ἑνδόκατον
1769 2493 1796 2553 δέ
1808 2498 1852 2564 τῆς
1905 2524 1906 2565 γ

1085 2590 1170 2667 ἀρχῆς
1181 2591 1218 2665 τῷ
1234 2588 1346 2665 βασιλεῖ.

1126 2674 1177 2736 lx.
1200 2673 1244 2734 Τδι
1259 2673 1306 2750 μίν
1320 2663 1364 2732 σόν
1384 2672 1454 2732 κατίι
1467 2673 1593 2743 Σινώπην
1605 2674 1655 2733 καί
1665 2671 1850 2751 Τραπεζοῦντα,

1084 2763 1173 2829 πόλεις
1191 2761 1269 2839 λόγου
1295 2759 1368 2828 ἀξίας
1390 2761 1436 2819 καί
1458 2765 1510 2819 τῶν
1532 2762 1689 2838 ὀνομαστῶν
1705 2761 1731 2819 ἐν
1745 2765 1794 2824 τοῖς
1810 2762 1849 2816 νῦν

252 2062 331 2122 αὐτόν
345 2085 374 2121 τε
388 2062 434 2120 καί
446 2061 504 2129 τοὺς
514 2063 611 2127 παῖδας
622 2061 668 2120 καί
681 2062 740 2128 τοὺς
752 2059 796 2127 ξύν
811 2061 882 2137 αὐτῷ
895 2061 1003 2132 πάντας,

292 2148 371 2210 ΤΙΙΙ.
398 2149 453 2209 Καὶ
473 2147 542 2224 μετά
570 2155 647 2207 τοῦτο
667 2149 803 2226 ἐσέρχεται
822 2149 847 2213 ἐς
862 2144 909 2217 τὴν
926 2148 1030 2206 πόλινό

258 2237 393 2316 βασιλεὺς,
405 2236 452 2295 καί
468 2234 669 2316 περιερχόμενος
681 2239 824 2293 κατεθεᾶτο
843 2233 891 2304 τήν
911 2258 940 2293 τε
960 2233 1029 2293 θέσιν

254 2328 337 2396 αδτῆς
359 2326 404 2385 καί
423 2322 568 2404 ἀσφάλειαν
588 2323 634 2381 καὶ
652 2321 701 2393 τήν
727 2323 809 2394 οίλλην
828 2322 1028 2394 ἐπιτηδειότητα

252 2416 300 2484 τῆς
312 2436 341 2473 τε
360 2413 449 2493 χώρας
463 2410 509 2471 καί
528 2414 626 2483 αὐτῆς,
639 2408 678 2468 ἔτι
700 2408 728 2469 δὲ
747 2410 796 2481 τήν
812 2434 840 2470 τε
861 2409 963 2481 οίκησιν
983 2410 1028 2468 καὶ

254 2498 285 2557 τὸ
299 2501 397 2571 πλῆθος
408 2504 459 2558 τῶν
471 2503 498 2558 ίν
509 2502 586 2579 αὐτῇ.
599 2495 698 2559 Ἄνεισι
710 2500 736 2557 δδ
749 2497 775 2565 ἔς
790 2522 819 2559 τε
828 2498 875 2569 τὴν
888 2499 1029 2578 ἀκρόπολιν

254 2586 303 2648 καί
333 2586 367 2646 τά
397 2588 531 2667 βασίλεια,
553 2589 598 2646 καί
626 2577 678 2645 εἶδε
702 2588 748 2646 καί
770 2589 904 2663 ἐθαύμασα
928 2590 976 2659 τήν
1000 2613 1029 2648 τε

253 2676 401 2756 ίχυρότητα
413 2681 460 2747 τῆς
471 2676 552 2758 άκρας
564 2676 609 2734 καί
622 2674 667 2742 τάς
678 2675 816 2752 οίκοδομάς
826 2680 877 2734 τῶν
890 2677 1029 2755 βασιλείων

250 2765 299 2824 καί
312 2764 360 2836 τήν
379 2763 574 2843 λαμπρότητα,
594 2761 641 2822 καί
661 2762 739 2841 λόγου
760 2761 833 2831 ἀξίαν
856 2762 899 2823 διά
924 2764 1029 2824 πάντοιν

252 2851 303 2925 τήν
322 2854 399 2914 πόλιν
418 2854 557 2935 άπίραινε.
577 2851 612 2933 (ο)
630 2850 706 2912 Μετδι
727 2849 755 2910 δὲ
776 2858 851 2910 τοῦτο
865 2852 966 2913 κελεύει
985 2853 1029 2911 τδν

255 2941 367 3016 βασιλέα
382 2941 428 3000 καί
438 2941 496 3007 τοὺς
505 2944 566 3022 περί
577 2940 652 2999 αὐτὸν
667 2939 785 3006 ἅπαντας
797 2939 843 2999 καλ
857 2940 888 3012 δδ,
901 2940 947 2999 καί
959 2964 1029 3007 τινας

251 3034 305 3090 τῶν
322 3032 348 3089 ἐν
364 3029 474 3108 δυνάμει
486 3029 567 3088 όντοιν
581 3033 628 3100 τῆς
639 3029 739 3095 πόλεως
751 3029 796 3089 καί
809 3031 921 3088 πλοῦτον
934 3052 1028 3102 κεκτη-

252 3116 337 3193 μίνοιν
360 3117 403 3185 ξὺν
429 3117 530 3195 γυναιξί
557 3117 603 3175 καί
629 3116 706 3175 παισὶ
736 3115 780 3174 καλ
801 3121 854 3182 τοῖς
879 3117 1027 3195 ὑπάρχουσι

252 3213 334 3266 πᾶσιν
350 3203 499 3271 ἐξελθόντας
513 3204 627 3279 ἐμόῆναι
637 3207 663 3270 ἐς
672 3205 719 3269 τάς
735 3202 859 3283 τριήρεις.
873 3202 1030 3282 Ἐκλέγιται

252 3290 282 3349 δδ
303 3290 349 3350 καλ
372 3291 470 3356 παῖδας
491 3294 543 3349 τῶν
564 3288 670 3369 ἐρήόοιν
685 3289 737 3348 ἀπό
756 3314 785 3350 τε
798 3294 845 3362 τῆς
865 3290 965 3356 πόλεοις
983 3290 1029 3349 καί

248 3382 297 3448 τῆς
309 3375 358 3443 ἔξω
370 3375 460 3454 χώρας
470 3375 575 3447 ἀπάσης
584 3375 645 3455 περὶ
655 3376 840 3443 πεντακοσίους
850 3398 901 3436 που
910 3378 1026 3451 μάλιστα

254 3464 300 3521 καί
323 3464 437 3541 χιλίους,
452 3465 496 3521 καλ
517 3462 609 3530 αὐτούς
630 3462 766 3539 ίμόιόάζει
784 3466 810 3530 ἐς
827 3463 873 3530 τάς
901 3465 1024 3544 τριήρεις.

254 3552 290 3629 (ι)
304 3549 359 3611 Καὶ
373 3550 557 3631 δωρησάμενος
570 3552 656 3609 πολλὰ
670 3558 723 3615 τοῖς
745 3550 857 3627 ἡγεμόσι
870 3556 923 3611 τῶν
943 3556 1025 3629 νεῶν,

1085 2858 1197 2928 καιροῖς,
1207 2855 1296 2909 τοῦτον
1312 2850 1373 2928 ἔσχε
1387 2848 1431 2907 τὸν
1448 2851 1555 2929 τρόπον.
1573 2848 1706 2915 Βασιλεὺς
1725 2847 1751 2906 δέ
1765 2847 1848 2922 Μεχε-

1086 2938 1167 3016 μάτης
1191 2941 1238 3010 τὴν
1266 2935 1462 2998 Κοινσταντίνου
1496 2937 1678 3014 καταλαῦὼν,
1697 2939 1786 3016 πρῶτα
1806 2930 1848 3010 μίν

1085 3026 1216 3108 προύργου
1240 3050 1266 3085 τι
1289 3034 1403 3085 ποιεῖται
1428 3027 1476 3096 τήν
1499 3025 1644 3106 θεραπείαν
1665 3030 1710 3086 τοῦ
1733 3020 1846 3103 βασιλέοιν

1084 3119 1298 3195 Τραπεζοῦντος,
1314 3113 1360 3172 καί
1375 3113 1479 3173 λίθοισιν
1494 3116 1566 3196 αὐτῷ
1586 3115 1636 3173 καί
1651 3119 1703 3180 τοῖς
1722 3111 1765 3181 ξύν
1785 3108 1847 3186 αύτῷ

1086 3203 1178 3283 χώραν
1192 3203 1285 3272 ἱκανήν
1299 3205 1324 3270 ἐς
1338 3203 1479 3282 διατροφὴν
1494 3203 1555 3281 περί
1575 3225 1629 3262 που
1653 3203 1697 3262 τὸν
1721 3198 1844 3277 Στρύμονε

1084 3289 1222 3367 ποταμὸν,
1238 3289 1306 3349 ὥστε
1330 3291 1506 3370 ἀποφέρεσθαι
1521 3290 1624 3368 δασμὸν
1647 3294 1741 3352 ἐκεῖθεν
1754 3283 1842 3355 iream

1085 3377 1198 3459 ἀργύρου
1222 3377 1309 3458 κέρμα
1333 3378 1518 3455 νενομισμένον
1543 3379 1675 3457 μυριάδας
1706 3375 1840 3455 τριάκοντα.

1083 3467 1115 3539 (e)
1132 3456 1184 3524 Ἦν
1200 3462 1226 3522 δέ
1242 3465 1287 3523 καί
1305 3487 1345 3532 τις
1361 3463 1426 3543 ἀνὴρ
1441 3467 1492 3522 τῶν
1505 3464 1576 3538 μετὰ
1589 3454 1842 3545 βασιλέύςΓεύρμκ

1083 3547 1246 3632 ἰδμηρούκης
1268 3552 1397 3630 τοῦνομα,
1411 3551 1566 3631 ιριλοσορίαν
1582 3553 1675 3632 ἄκρος,
1689 3552 1736 3622 όοη
1750 3545 1804 3625 περί
1816 3564 1840 3601 τι

251 3638 424 3719 τριηράρχοις
437 3639 466 3697 τί
481 3661 549 3719 ρημι
563 3638 609 3697 καί
622 3638 784 3717 ναυάρχοις,
800 3637 837 3698 ἔτι
858 3639 885 3701 δὲ
899 3639 1026 3716 κυόερνή-
1082 3640 1112 3699 τδ
1126 3639 1234 3721 φυσικόν
1247 3639 1304 3719 ίχει
1315 3641 1361 3699 καί
1373 3640 1529 3716 δογματικδν
1544 3638 1576 3701 τό
1586 3664 1617 3699 τε
1631 3633 1805 3717 μαθηματικόν
1817 3649 1841 3687 τι

252 3751 310 3794 ταις
329 3728 375 3785 καί
390 3727 544 3793 κελευσταῖς
557 3726 603 3786 καί
617 3733 671 3793 τοῖς
687 3726 792 3798 ἀλλοις,
807 3727 940 3787 ἐκελευσεν
960 3733 1028 3787 ἀπο-
1085 3728 1128 3787 ιαλ
1141 3728 1317 3808 γεωμετρικόν
1330 3728 1375 3788 καί
1390 3727 1435 3794 τάς
1447 3727 1586 3806 ἀναλογίας
1599 3733 1652 3788 τῶν
1666 3726 1789 3808 ἀριθμῶν,
1801 3716 1840 3779 καί

252 3816 340 3877 πλεῖν.
353 3816 407 3877 Καὶ
421 3818 444 3873 οί
459 3814 507 3891 μίν
522 3814 668 3893 ἀνήγοντο,
683 3813 759 3883 αάτδς
773 3813 801 3873 δὲ
812 3814 1028 3895 παρακατασχὼν
1083 3817 1132 3889 όση
1147 3820 1200 3874 τιῖιν
1216 3817 1268 3875 ἀπὸ
1283 3823 1329 3877 τοῦ
1343 3817 1496 3896 Περιπάτου
1510 3817 1556 3875 καί
1572 3821 1619 3888 τῆς
1637 3820 1735 3886 Στοᾶς,
1748 3807 1840 3889 προσέτι

251 3903 297 3962 τὸν
313 3901 359 3962 ἀνα
373 3905 425 3961 τῶν
441 3903 577 3979 ἡγεμόνοιν
596 3905 642 3961 τοῦ
657 3900 767 3976 στόλου,
783 3903 907 3976 Κασίμην
923 3902 966 3963 τδν
979 3926 1026 3961 σα·
1083 3903 1109 3963 δί
1125 3904 1170 3963 καί
1187 3904 1291 3983 πλήρης
1310 3905 1397 3977 πάσης
1415 3905 1552 3980 ἐγκυκλίου
1569 3904 1704 3974 παιδείας,
1716 3895 1837 3980 ῥηιορθῆί

252 3989 354 4070 τρόπην
378 3990 614 4063 Καλλιουπολεοις,
637 3989 741 4047 δίδοισιν
766 3992 837 4070 αὐτῷ
858 3988 906 4061 τήν
925 4013 1024 4070 σατρα·
1082 3991 1111 4053 τί
1127 4016 1195 4073 φημι
1211 3993 1256 4053 κοιλ
1270 3998 1419 4065 ποιητικῆς.
1432 3996 1465 4072 (ο)
1480 3995 1548 4075 Περί
1567 3994 1659 4054 τούτου
1675 3994 1760 4068 μαθὼν
1772 3987 1785 4040 ό
1798 3984 1839 4058 βα·

253 1997 367 2052 οπμενος
378 1975 424 2034 καί
436 1978 550 2050 τιμήσας
560 1973 593 2032 τά
605 1973 712 2051 είκότα,
724 1976 844 2051 δοιριῖται
858 1973 1029 2054 πολυτρόποις

257 4127 1836 4160 Ἣ

284 4229 353 4279 vm.
364 4229 379 4292 §
390 4234 410 4279 l.
421 4231 468 4278 Καὶ
476 4227 533 4292 ιἰδε]
544 4229 601 4280 odd.
611 4243 704 4293 margo.
714 4231 724 4293 ἱ]
733 4257 764 4267 -
775 4231 896 4295 ἀπέφαινε]
907 4245 972 4293 nege,
983 4232 1058 4294 ἔκρινε
1070 4232 1133 4281 text.
1147 4229 1218 4295 l}-§
1232 4236 1254 4280 2.
1266 4229 1362 4289 Chele,
1377 4243 1401 4294 p.
1414 4234 1458 4280 497
1471 4236 1486 4281 9
1499 4247 1507 4279 ι
1522 4230 1681 4293 ἐπιλεξάμενος
1693 4225 1771 4275 παῖδας
1781 4217 1838 4295 W?

258 4298 353 4355 κοσίους
372 4300 395 4353 ἐς
413 4302 455 4357 τὴν
475 4306 522 4349 τῶν
536 4303 651 4358 νεηλύδοιν
666 4303 730 4359 τάξιν
744 4304 846 4359 ἐτάξατο.
863 4304 902 4352 Cf,
916 4301 1037 4351 Seodedd.
1049 4316 1074 4365 p.
1086 4305 1140 4350 206.
1154 4300 1164 4363 Ι]
1177 4327 1209 4338 -
1221 4299 1235 4363 §
1248 4305 1271 4350 3.
1284 4302 1323 4350 καί
1335 4303 1357 4349 οἱ
1369 4302 1410 4363 μὲν
1424 4299 1548 4364 ἀνήγοντο]
1557 4299 1615 4350 add.
1628 4312 1691 4362 mgo.
1707 4294 1718 4357 ΙΙ
1731 4315 1761 4329 ’
1772 4289 1838 4337 KW'

257 4387 303 4433 μην
323 4370 364 4419 τὸν
382 4384 450 4432 σατρ,
474 4369 585 4434 Ιίαλῖιιπ]
602 4371 684 4420 Chele.
704 4385 728 4434 p.
747 4375 803 4431 496,
819 4378 832 4421 5
850 4374 917 4429 εΤήν
931 4371 972 4431 μὲν
987 4370 1029 4420 οὖν
1047 4371 1115 4420 πόλιν
1129 4371 1240 4435 ἐπέτριψε
1251 4376 1286 4433 τῷ
1299 4371 1410 4433 ναυάρχῳ
1423 4377 1463 4429 τῆς
1479 4372 1654 4424 Καλλιπούλεοις
1668 4362 1776 4425 σατράπη-
1791 4355 1838 4414 δ’

253 4441 268 4503 §
278 4443 302 4490 4,
315 4439 459 4503 ἀποπέμπει]
472 4452 542 4503 mss03
555 4441 651 4490 ἀπολύει
661 4444 720 4491 text.
731 4443 768 4491 De
781 4455 808 4491 re
818 4443 850 4492 cf.
862 4440 981 4491 seadedd.
991 4455 1016 4503 p.
1030 4443 1085 4489 206.
1099 4438 1109 4501 ΙΙ
1123 4465 1154 4476 -
1165 4445 1187 4490 5.
1200 4439 1315 4504 ὁρμηθεὶς]
1324 4453 1394 4502 lnge,
1404 4441 1447 4490 ἰών
1457 4443 1518 4491 text.
1532 4439 1543 4503 Ι]
1554 4467 1586 4477 -
1595 4434 1736 4503 φθινοπώρου
1744 4428 1837 4487 λῦΥΜ

254 4529 312 4576 παρ,
324 4512 346 4567 ἐς
359 4512 386 4560 τὸ
397 4510 463 4575 Bet]
472 4514 525 4561 See.
537 4514 639 4562 Ducam.
650 4524 675 4576 p.
686 4516 741 4571 343,
755 4515 780 4561 17
798 4526 855 4561 νοτε
871 4513 971 4561 demum
983 4510 1040 4560 oeni
1060 4515 1118 4560 4462
1137 4524 1251 4561 reversus
1265 4515 1345 4572 esset,
1357 4525 1420 4561 ειιιιο
1432 4512 1525 4576 integro
1539 4512 1564 4562 in
1576 4506 1728 4575 expeditione
1740 4496 1835 4549 exacto:

254 4581 415 4644 ίπανιστριίρη
426 4580 512 4644 χρόνον
525 4583 610 4630 τέλειον
626 4582 752 4645 πληρώσας
769 4581 791 4637 ἐς
809 4584 850 4639 τὴν
863 4582 997 4645 ἀποδημίαν
1018 4584 1097 4640 αὐτήν.
1113 4581 1124 4645 Ι]
1139 4583 1277 4632 -ἔννατον
1292 4585 1332 4632 καὶ
1347 4585 1386 4640 δίη
1400 4583 1478 4633 Ιίίετω
1493 4587 1520 4634 et
1533 4596 1589 4633 mex
1603 4582 1719 4632 ἑνδέκατον
1729 4571 1753 4621 ίιὶ
1765 4570 1837 4617 musa

253 4651 361 4715 serioue.
1808 4702 1812 4712 ,
1830 4699 1835 4708 ,

284 4723 327 4774 lx.
341 4721 356 4786 §
369 4726 389 4772 1.
403 4723 453 4786 περὶ
467 4722 507 4772 τὸν
521 4724 641 4786 {remove
651 4721 688 4787 ια]
701 4724 876 4773 sesmarum
885 4721 986 4783 urbem,
996 4725 1025 4773 ιιι
1037 4724 1112 4774 refert
1123 4723 1279 4787 Spondugioo
1292 4723 1468 4775 conlaeuscino
1481 4724 1570 4788 (Delie
1580 4722 1678 4786 ονιριιιε
1689 4713 1726 4767 de'
1734 4709 1835 4785 1³55²¹f¹1²⁸

253 4793 366 4853 θανολὶι,
377 4791 469 4843 cliente
480 4792 632 4844 zinkeisenio
646 4799 670 4854 2,
682 4808 707 4856 p.
720 4796 775 4853 342,
788 4792 831 4855 qui
844 4793 918 4843 fidem
932 4793 1006 4857 holus
1021 4793 1155 4844 testimonii
1170 4794 1202 4844 ob
1221 4793 1372 4856 reliquorum
1385 4793 1562 4846 historicorum
1578 4790 1699 4844 silentium
1710 4784 1734 4834 in
1746 4776 1834 4859 θιιθιιθθ

200 4926 205 4933 ι
254 4863 363 4915 vocavit.
378 4864 406 4912 ln
420 4863 541 4915 thntze
555 4877 580 4928 p.
593 4868 651 4925 414,
660 4870 674 4914 2
684 4863 738 4913 haec
747 4863 861 4925 leguntur
874 4881 881 4913 ε
894 4870 927 4928 τῷ
937 4865 963 4914 δὲ
973 4871 1014 4925 τῆς
1024 4867 1196 4928 Τραπεζοῦντος
1207 4865 1300 4928 βασιλεῖ
1310 4870 1344 4928 τῷ
1355 4868 1471 4929 Κομνηνῷ
1481 4867 1526 4930 κύρ
1535 4866 1608 4915 Δαόὶδ
1622 4861 1695 4926 χοιρία
1705 4852 1753 4905 τινὰ
1765 4849 1832 4921 ⁶³⁶⁶?

255 4934 294 4984 δπί
305 4936 332 4985 τό
348 4937 443 4998 Μαῦρον
455 4934 508 4996 δρας
520 4936 650 4998 κατῴκισαν
666 4933 749 4982 αὐτόν·
762 4934 789 4983 δν
801 4935 829 4993 δὴ
841 4935 881 4983 καὶ
897 4936 956 4998 μετά
963 4952 1025 4990 τινος
1041 4937 1125 4998 χρόνον
1136 4941 1221 5002 μικροῦ
1232 4937 1396 5001 παραδρομὴν,
1407 4939 1480 5002 είιρὼν
1491 4939 1553 5000 τάχα
1566 4937 1618 4986 κατ’
1628 4934 1699 4984 αὐτοῦ
1714 4920 1782 5004 αἰτίαν
1790 4924 1833 4963 ’Ν

255 5003 299 5052 οὐκ
310 5004 398 5062 ἀληθῆ,
408 5004 485 5052 πάντα
494 5003 524 5053 τὰ
536 5006 620 5054 ἐαυτοῦ
633 5004 754 5067 ἀφείλετο,
764 5004 872 5054 κάκεῖνον
881 5009 975 5066 πνιγμῷ
985 5006 1114 5056 ἐτελείωσε.
1124 5007 1190 5056 Num
1199 5012 1296 5070 Μαῦροι
1306 5008 1358 5071 δρας
1367 5008 1392 5057 in
1403 5006 1556 5071 Strymonice
1570 5006 1666 5070 regione
1674 4997 1754 5049 ἐθθῐῑῑι
1762 4991 1833 5036 Μ’·
1852 5012 1857 5042 7

254 5072 346 5123 ιιοεαίο.
360 5071 523 5137 Fellmemyer
539 5088 564 5139 ρ.
580 5078 637 5135 282,
649 5075 725 5125 citato
746 5074 880 5136 thnlze,
894 5074 982 5124 Devidi
998 5075 1122 5138 regionem
1135 5090 1212 5141 prope
1225 5077 1409 5143 Adrianopolim
1424 5078 1573 5140 assignatam
1591 5087 1645 5127 esse
1660 5067 1724 5120 dicit.
1735 5060 1834 5137 &W

254 5140 287 5192 de
298 5140 397 5192 interitu
408 5144 507 5194 familie
519 5144 592 5209 regite
604 5144 656 5195 vid.
667 5143 737 5208 plum
746 5158 786 5210 ep.
797 5145 911 5196 chelooe.
924 5158 948 5208 p.
960 5149 1005 5196 497
1018 5159 1055 5209 sq.
1068 5146 1080 5210 11
1092 5173 1122 5184 -
1134 5147 1149 5211 §
1163 5153 1186 5197 2.
1197 5150 1310 5211 Γεὼρμος
1320 5147 1469 5213 Ἀμηρούκης]
1477 5151 1577 5200 Lemma
1586 5146 1610 5195 io
1618 5137 1722 5202 margine
1728 5124 1832 5210 §Qum

254 5210 290 5263 ita
304 5210 381 5261 meet
395 5231 402 5261 ι
416 5215 467 5276 περὶ
482 5214 598 5276 Γεωργίου
619 5220 661 5265 τοῦ
677 5213 806 5282 Ἄμηρούα,
817 5216 881 5274 ὅπως
895 5217 987 5276 ἐδέξατο
1002 5219 1073 5268 αιἰτὸν
1086 5218 1100 5267 ό
1112 5218 1230 5282 βασιλεύς.
1244 5221 1416 5283 Απιμτιιίοειιι
1435 5218 1498 5268 inter
1511 5215 1597 5267 doctos
1619 5205 1779 5274 Trapemntlffl
1793 5196 1832 5238 ¹¹⁰⁸

255 5294 313 5333 εειιιι
324 5281 465 5332 nmatione
477 5286 503 5333 et
514 5284 626 5334 Menuelo
640 5291 817 5338 commemorat
827 5287 990 5353 Fanmerayer
1004 5288 1021 5340 l.
1038 5288 1055 5340 1.
1071 5302 1096 5354 ρ.
1112 5292 1166 5340 322.
1181 5290 1193 5354 Ι]
1208 5313 1241 5328 -
1253 5289 1383 5356 ἀποδεῖξαι]
1396 5295 1466 5354 φῆναι
1479 5300 1544 5352 mgo.
