3890 6044
232 487 299 567 ,xvj
889 477 1186 543 Pnotscousus.
1243 520 1246 526 -
1313 472 1318 478 ·

232 633 261 678 et
274 604 517 677 luculentioribus
531 606 672 693 exemplis
682 613 783 672 doceat
796 601 953 690 quousque
965 610 1092 688 genuina
1100 611 1231 670 historias
1244 608 1365 669 traditio
1377 603 1534 669 adulterari
1548 603 1676 689 potuerit
1689 605 1736 690 (Ἴ.
1747 606 1826 675 Atta-

233 734 299 773 men
312 714 338 774 si
354 712 426 792 quid
437 712 571 772 utilitatis
585 730 622 768 ex
636 709 819 770 Aristodemo
831 710 861 767 in
877 708 976 768 studia
990 709 1131 768 historica
1142 706 1300 783 redundat,
1313 706 1345 767 id
1359 707 1390 766 iu
1401 707 1467 786 ipsa
1480 706 1532 765 illa
1545 721 1709 787 temporum
1725 709 1827 769 conlu-

233 810 317 869 sione
328 808 526 888 quaesiverim.
539 806 611 865 Nam
625 825 715 884 quum
730 804 808 864 idem
822 822 943 883 prorsus
962 825 1054 883 genus
1067 824 1201 865 errorum
1218 802 1496 879 chronologicarum
1511 803 1543 862 in
1559 803 1723 881 antiquiori
1738 803 1824 863 Grae-

232 925 333 969 carum
348 906 474 964 historia
485 904 563 984 apud
583 916 694 963 ceteros
709 923 826 982 quoque
842 903 1019 981 scriptores,
1033 904 1115 980 quie
1132 900 1223 962 uariis
1237 900 1368 960 lontibus
1381 919 1433 959 sua
1445 912 1671 977 congesserunt,
1689 901 1827 979 frequens

230 1003 388 1063 admodum
405 1003 463 1075 sit,
480 1000 516 1060 ad
529 1020 712 1061 communem
731 1019 834 1058 eorum
850 1001 995 1076 originem
1010 999 1204 1076 indagandam
1217 1001 1379 1075 fragmento
1393 1009 1496 1058 nostro
1507 998 1624 1074 egregie
1640 996 1829 1074 adjuvamur.

231 1101 416 1179 Quapropter
429 1098 466 1156 de
479 1098 527 1158 his
540 1097 617 1156 inira
631 1096 762 1156 dicemus
779 1096 953 1156 accuratius.

261 1200 358 1273 ,Quod
372 1200 467 1258 sontes
480 1196 659 1258 Aristodemi
679 1198 799 1268 attinet,
819 1195 926 1254 fundus
947 1195 1127 1254 narrationis
1143 1194 1243 1253 nescio
1259 1194 1369 1270 quibus
1390 1192 1498 1252 rivulis
1513 1191 1694 1252 derivandus
1709 1192 1829 1254 'ridetur

231 1316 268 1361 ex
281 1316 370 1376 opere
384 1295 469 1373 cujus
483 1307 585 1354 auctor
598 1293 730 1371 Philippi
744 1314 805 1351 aero
817 1292 954 1351 historias
970 1291 1088 1369 scripsit
1103 1290 1169 1348 ioco
1185 1289 1315 1348 oratorio
1326 1291 1431 1348 tinctas
1447 1309 1480 1348 ac
1497 1290 1592 1348 nimie
1602 1290 1828 1350 Atheniensium

232 1395 330 1455 studio
341 1394 449 1473 passim
464 1400 628 1469 corruptas.
646 1390 777 1469 Philippi
795 1403 973 1448 coaetaneum
991 1389 1072 1446 luctis
1086 1386 1186 1466 prodit
1200 1386 1244 1467 (c.
1258 1408 1288 1457 a,
1301 1386 1357 1465 a),
1369 1382 1429 1465 quo
1443 1386 1608 1446 Alexander
1622 1407 1675 1446 rex
1689 1401 1829 1466 tanquam

230 1490 354 1572 πρόγονος
373 1489 505 1567 Philippi
521 1487 728 1549 introducitur.
745 1485 965 1545 Atheniensium
981 1485 1078 1542 fautor
1099 1496 1199 1542 narrat
1213 1485 1245 1541 in
1266 1503 1364 1561 pugna
1385 1483 1543 1542 Salaminia
1559 1483 1751 1544 Athenienses
1766 1483 1829 1555 τοδς

233 1585 434 1669 άμιστεύσαντας
448 1585 541 1644 luisse
553 1585 597 1662 (c.
614 1604 645 1656 a,
663 1583 716 1661 4),
731 1600 784 1640 nee
799 1602 858 1641 non
871 1583 908 1642 ad
920 1583 1084 1661 Tanagram
1103 1583 1172 1642 item
1188 1581 1378 1642 Athenienses
1390 1584 1516 1642 victores
1528 1583 1637 1642 abiisse
1650 1583 1658 1663 (
1670 1604 1697 1642 c.
1718 1604 1764 1655 ss,
1782 1603 1793 1640 ι
1805 1584 1829 1664 J,

233 1703 325 1763 porro
340 1680 559 1753 Alexandrum,
579 1679 727 1741 Mardonii
741 1679 887 1755 legatum,
908 1682 1095 1740 contumeliis
1111 1680 1245 1739 allectum
1261 1678 1299 1738 ab
1320 1679 1548 1739 Atheniensibus
1561 1670 1748 1738 amandatum
1765 1699 1831 1739 esse

232 1783 278 1861 (c.
295 1800 324 1852 a,
337 1800 354 1837 a
366 1788 387 1851 t.
401 1778 503 1836 Eidem
518 1776 748 1855 vaniloquentia
762 1774 905 1836 debentur
917 1797 983 1852 quae
997 1777 1033 1835 de
1045 1796 1116 1856 pace
1130 1775 1230 1835 Calliae
1244 1776 1383 1852 leguntur
1397 1777 1429 1835 in
1441 1777 1583 1854 majorem
1600 1776 1828 1836 Atheniensium

231 1875 356 1952 gloriam
376 1875 513 1932 ementita
530 1874 571 1951 (c.
590 1876 636 1949 13,
662 1874 711 1948 a).
733 1872 840 1931 Orator
853 1871 962 1931 buccas
984 1872 1091 1930 inflatis
1106 1874 1234 1932 Xerxem
1250 1876 1281 1932 in
1302 1874 1478 1950 Psyttaleam
1494 1874 1652 1933 insululam
1675 1872 1831 1951 trajecisse

230 1972 303 2032 dlcit
317 1969 410 2038 ἱκανάς
424 1969 553 2050 μυριάδας
570 1971 650 2046 (4οο
665 1982 749 2028 eraut
765 1969 905 2049 milites),
921 1987 994 2045 quas
1010 1968 1153 2027 Aristides
1166 1966 1209 2026 ibi
1225 1969 1383 2027 coniecerit
1396 1971 1440 2049 [c.
1458 1990 1488 2041 a,
1505 1969 1555 2050 4),
1571 1970 1675 2030 Persas
1689 1990 1762 2029 vero
1776 1990 1832 2050 per

229 2069 428 2131 Macedoniam
442 2069 596 2128 redeuntes
610 2069 792 2126 interneciva
804 2078 901 2141 strage
912 2066 1023 2124 deletos
1036 2085 1100 2124 esse
1114 2067 1122 2145 l
1134 2085 1160 2125 c.
1175 2066 1205 2136 3,
1227 2068 1272 2142 ι).
1655 2062 1657 2065 ’

270 2165 402 2227 Alterum
418 2166 545 2238 iontem,
560 2184 621 2242 quo
635 2164 836 2222 Aristodemus
853 2164 899 2220 rel
921 2163 1022 2240 potius
1038 2175 1151 2234 auctor,
1166 2180 1253 2239 quem
1269 2161 1320 2220 ille
1343 2160 1383 2219 ob
1402 2161 1502 2220 oculos
1515 2161 1656 2236 habebat,
1674 2183 1743 2223 usus
1764 2178 1829 2240 est,

229 2252 431 2340 Thucydidem
448 2261 537 2321 luisse
548 2272 636 2339 patet.
649 2258 693 2317 Ex
707 2278 743 2317 eo
755 2259 841 2318 ducta
853 2271 919 2316 sunt
933 2277 996 2336 cap.
1013 2278 1065 2331 ιι,
1079 2266 1095 2327 4
1112 2257 1238 2317 debello
1252 2257 1387 2336 iEgyptio
1401 2270 1430 2317 et
1444 2277 1508 2337 cap.
1526 2258 1542 2315 5
1559 2258 1596 2317 de
1609 2259 1731 2318 Athenis
1744 2259 1830 2321 The·

229 2359 370 2418 mistoclis
383 2350 508 2417 consilio
526 2357 648 2416 munitis
666 2368 695 2414 et
710 2375 775 2433 quae
797 2374 860 2433 cap.
881 2355 971 2432 16-19
985 2353 1148 2414 alleruntur
1161 2354 1199 2414 de
1217 2357 1311 2413 causis
1324 2353 1396 2412 belli
1419 2353 1672 2433 Peloponnesiaci.
1693 2354 1831 2437 Ἤρξαντο

229 2454 256 2515 dl
271 2458 348 2515 αὐτοῦ
364 2454 431 2534 [τοῦ
445 2452 593 2532 καλάμου),
606 2450 805 2529 Thucydides,
827 2472 853 2524 r,
870 2453 921 2523 σ3,
939 2461 956 2521 4
972 2453 1028 2523 ait,
1044 2449 1173 2523 Ἀθηναῖοι
1194 2450 1240 2510 καὶ
1254 2449 1477 2522 Πελοποννήσιοι,
1492 2445 1621 2520 λύσαντες
1639 2452 1686 2520 τάς
1699 2476 1829 2533 τριακον-

228 2559 325 2620 τώτεις
334 2551 483 2619 σπονδάς...
497 2551 555 2624 Τὴν
571 2548 619 2626 μάν
634 2546 686 2628 γάρ
701 2547 882 2620 ἀληθεστάτην
893 2546 1041 2627 πρόφασιν,
1051 2547 1235 2626 ἀφανεστάτην
1244 2548 1272 2606 δὲ
1285 2547 1367 2628 λόγῳ,
1378 2544 1437 2614 τοὺς
1450 2545 1599 2619 Ἀθηναίους
1611 2552 1727 2627 ἡγοῦμαι
1738 2553 1831 2629 μεγά-

227 2650 287 2715 λους
304 2646 471 2727 γιγνομάνους
484 2644 530 2705 καλ
548 2643 627 2726 φάόον
648 2641 814 2724 παράχοντας
827 2652 881 2709 τοῖς
895 2642 1114 2720 Λακεδαιμονίοις
1128 2644 1276 2723 ἀναγκάσαι
1290 2646 1316 2712 l<
1335 2643 1365 2702 sir
1384 2646 1524 2722 πολεμεῖν·
1537 2648 1565 2703 cl
1583 2644 1611 2705 δά
1628 2647 1654 2712 t<
1668 2645 1699 2706 τδ
1713 2648 1826 2729 φανερὸν

228 2742 370 2823 λεγόμεναι
394 2743 478 2803 αἰτίαι
499 2741 550 2803 αἵδ’
575 2733 642 2814 ἦσαν
667 2740 812 2820 iscripsi,
827 2743 873 2820 ἀφ’
888 2729 924 2798 ὧν
948 2738 1074 2805 λάσαντες
1090 2737 1138 2807 τδις
1160 2741 1274 2807 σπονδδς
1289 2742 1314 2827 it
1335 2739 1379 2800 τδν
1399 2740 1515 2818 πολεμον
1530 2741 1707 2814 κατάστησον.
1723 2743 1829 2803 Narrat

227 2841 365 2920 deinceps
379 2860 481 2900 causas
494 2840 565 2899 belli
581 2859 598 2897 e
620 2841 708 2897 rebus
723 2837 881 2916 Epidamni
901 2848 930 2895 et
953 2836 1089 2896 Potidaea
1111 2835 1294 2916 repetendas.
1311 2836 1454 2898 Similiter
1476 2840 1679 2900 Aristodemus
1696 2842 1827 2920 primam

226 2935 297 2997 belli
318 2957 433 2997 caumm
457 2957 494 2997 ex
518 2950 606 3018 rupto
622 2937 732 2996 laedere
751 2934 905 2995 tricennali
926 2933 1061 3007 deducit;
1077 2955 1144 2996 nam
1162 2933 1216 2994 boc
1229 2949 1346 2994 narrato
1361 2936 1458 3013 pergit
1474 2939 1515 3014 (c.
1533 2936 1610 3015 16):
1632 2936 1843 3000 cirinthiani*

226 3034 342 3102 τλεάονις
363 3035 484 3116 φέρονται
499 3034 620 3114 περὶτοῦ
635 3031 763 3110 πολέμου.
780 3028 814 3090 Tn
835 3029 1025 3108 sequentibus
1039 3043 1194 3110 postquam
1209 3031 1246 3090 de
1269 3032 1433 3112 Epidamno
1448 3046 1476 3092 et
1496 3035 1533 3092 de
1547 3033 1678 3093 Potidaea
1691 3034 1824 3108 dixerat,

225 3132 329 3191 ultimo
341 3132 408 3191 loco
422 3151 484 3192 eam
500 3130 653 3210 subjungit
667 3129 739 3189 belli
759 3147 874 3187 causam
894 3146 981 3205 quam
1005 3127 1126 3205 etipse,
1142 3128 1218 3186 sicut
1237 3127 1442 3207 Thucydides,
1459 3129 1507 3202 τὴν
1522 3131 1701 3219 ἀληθεστάτην
1719 3145 1815 3191 vocat.

225 3227 317 3288 Simul
332 3248 402 3287 vero
417 3228 464 3286 his
476 3227 618 3306 praemisit
628 3223 841 3304 λαοδογματικὴν
856 3224 960 3295 istam,
973 3225 1058 3297 cujus
1071 3224 1214 3300 fingendae
1229 3228 1410 3285 occasionem
1426 3226 1570 3287 dederunt
1585 3247 1641 3286 vox
1659 3226 1821 3288 Alcibiadis

224 3334 254 3379 et
266 3341 331 3399 quae
343 3323 380 3380 de
395 3322 499 3381 Phidia
513 3335 541 3380 et
553 3322 667 3380 Pericle
680 3319 892 3398 Aristophanes
906 3339 959 3398 per
973 3320 1074 3378 ludum
1085 3322 1243 3398 jocumque
1254 3321 1373 3399 jecerat.
1393 3323 1474 3411 lianc
1488 3325 1578 3383 solam
1593 3338 1727 3402 tanquam
1741 3324 1817 3384 belli

226 3418 369 3493 originem
389 3418 536 3477 Diodorus
554 3420 563 3494 (
578 3438 626 3489 sa,
645 3419 705 3495 39)
719 3428 832 3485 narrat,
851 3415 970 3473 laudato
981 3416 1110 3494 Ephoro.
1126 3416 1329 3478 Aristodemus
1344 3438 1405 3477 eam
1421 3438 1458 3477 ex
1471 3420 1600 3493 ejusdem
1620 3420 1719 3478 iarinae
1731 3419 1826 3479 histo·

225 3513 287 3574 rico
301 3513 444 3587 adscivit,
459 3513 537 3573 haud
552 3518 623 3572 itero
637 3532 674 3571 ex
693 3513 794 3571 eodem
811 3511 940 3591 Ephoro.
955 3510 1027 3570 Nam
1044 3512 1075 3569 in
1090 3512 1276 3571 Aristodemo
1289 3515 1297 3591 l
1306 3517 1353 3587 ι6,
1371 3516 1407 3596 4)
1423 3516 1589 3576 Alcibiades
1604 3517 1711 3577 Pericli
1730 3517 1826 3578 adstat

224 3606 394 3691 σκεπτομένῳ
412 3611 534 3693 περὶτῆς
549 3608 697 3676 ἀποδόσεως
712 3609 778 3687 ὑπὲρ
798 3612 846 3680 τῆς
870 3606 1087 3685 ἰρηεπιστασάας,
1102 3607 1139 3666 de
1155 3628 1213 3685 qua
1234 3624 1335 3669 auctor
1352 3611 1465 3670 dixerat
1486 3634 1513 3672 c.
1539 3615 1586 3691 16,
1607 3634 1642 3687 13
1665 3615 1827 3675 secundum

225 3708 374 3787 Ephorum
391 3728 462 3767 vero
484 3707 554 3787 (ap.
571 3706 659 3766 Diod.
680 3726 727 3780 ra,
745 3707 794 3778 38,
817 3705 854 3786 a)
869 3704 998 3763 Pericles
1012 3703 1049 3763 de
1070 3704 1227 3764 reddendis
1250 3708 1414 3768 rationibus
1428 3710 1572 3770 sollicitus
1586 3725 1651 3771 erat
1667 3725 1827 3791 propterea

224 3805 303 3883 quod
318 3817 429 3884 partem
453 3804 661 3884 pecuniarum,
676 3822 741 3881 quae
756 3822 793 3861 ex
812 3803 960 3861 communi
974 3802 1145 3862 Graecorum
1167 3804 1386 3865 contributione
1400 3820 1505 3865 coactae
1522 3821 1620 3880 erant,
1641 3810 1673 3867 in
1687 3810 1827 3888 priuatos
1845 3814 1851 3821 '

226 3920 297 3960 usus
310 3901 498 3980 expenderat.
518 3901 662 3960 Praeterea
675 3899 807 3959 versibus
825 3899 1048 3981 Aristophaneis
1066 3900 1123 3958 alia
1140 3902 1272 3959 recensio
1286 3903 1363 3980 apud
1378 3902 1555 3976 Diodorum,
1580 3904 1638 3962 alia
1651 3904 1728 3983 apud
1753 3905 1828 3966 Ari·

223 3997 385 4057 studemum
401 3997 511 4060 subest.
524 3997 659 4074 Denique
674 3996 744 4055 satis
755 3995 817 4074 jam
832 4010 946 4056 constat
958 3997 1012 4078 (Ἢ
1025 3997 1185 4057 Diodorum
1204 3999 1234 4057 in
1248 3997 1371 4057 historia
1384 3997 1529 4059 bellorum
1544 3999 1724 4060 Medicorum
1738 4015 1767 4062 et
1778 4005 1829 4074 τῆς

224 4093 459 4159 πσντακανταιτάας
471 4106 500 4152 et
520 4092 590 4152 belli
611 4094 854 4173 Peloponnesiaci
876 4107 968 4153 totum
987 4113 1019 4153 se
1043 4093 1162 4173 Ephoro
1177 4093 1341 4167 addixisse;
1359 4095 1489 4156 dubitari
1505 4099 1596 4173 igitur
1609 4096 1728 4175 nequit,
1750 4100 1828 4177 quin

224 4188 314 4247 alium
329 4191 432 4247 ducem
448 4202 564 4250 secutus
579 4192 618 4250 sit
633 4191 851 4265 Aristodemus,
872 4192 982 4271 quippe
997 4191 1067 4270 qui,
1083 4193 1219 4269 quamvis
1240 4196 1349 4272 passim
1366 4215 1431 4254 cum
1447 4196 1577 4255 Diodoro
1593 4196 1770 4273 consentiat,
1791 4197 1827 4256 iu

223 4284 323 4344 nrultis
338 4297 431 4344 tamen
444 4291 473 4345 et
486 4287 669 4363 gravissimis
680 4286 769 4347 rebus
784 4287 821 4346 ab
835 4307 870 4346 eo
885 4288 1006 4347 recedit.
1023 4290 1116 4348 Porro
1131 4292 1155 4348 si
1168 4308 1203 4347 ea
1213 4310 1279 4367 quae
1293 4290 1330 4349 de
1343 4290 1479 4352 Tolmide
1492 4292 1564 4352 salsa
1577 4293 1608 4351 in
1625 4306 1727 4353 nostro
1741 4291 1826 4370 frag-

223 4393 322 4442 mento
337 4382 374 4458 (c.
393 4381 450 4461 15)
461 4382 608 4459 leguntur,
621 4383 664 4443 sic
674 4383 734 4462 jam
748 4384 861 4444 dixerat
875 4384 1024 4459 AEschines
1036 4385 1067 4443 in
1083 4405 1126 4444 or.
1141 4386 1177 4445 de
1195 4387 1215 4449 i.
1231 4387 1286 4464 leg.
1301 4389 1319 4465 §
1335 4389 1372 4462 75
1388 4390 1465 4470 (343
1477 4409 1505 4451 a.
1521 4389 1565 4470 β.)
1575 4434 1584 4463 ,
1594 4390 1645 4449 rix
1660 4388 1827 4451 credideris

249 4634 286 4699 p)
298 4636 358 4684 iirec
372 4634 488 4685 curtium
495 4633 730 4699 Wachsmuthium,
744 4638 824 4688 virum
837 4652 919 4691 rerum
939 4641 1111 4691 historicamm
1123 4639 1315 4705 peritissimum,
1329 4641 1493 4699 induxerunt,
1506 4644 1535 4692 nt
1549 4641 1574 4691 in
1588 4642 1724 4706 fragmento
1735 4642 1827 4691 nostro

222 4717 352 4768 mamere
373 4703 421 4756 sibi
441 4704 568 4755 videretur
588 4706 677 4757 tectum
692 4707 807 4758 Minoida
828 4708 968 4773 ilium,qui
980 4710 1068 4760 stiram
1089 4709 1230 4769 historicam
1251 4725 1283 4761 ex
1299 4711 1438 4769 Herodoto.
1458 4710 1617 4773 Thucydide,
1635 4710 1824 4768 Demosthene.

221 4774 351 4837 Baebium
367 4778 491 4840 Lycurgo,
503 4775 633 4839 -Diodoro,
646 4778 791 4841 Plutarcho,
808 4780 910 4831 scholiis
928 4782 952 4831 in
965 4780 1150 4845 Thucydidem,
1166 4781 1355 4845 Aristophanem
1370 4786 1397 4834 et
1410 4785 1588 4845 Hermogenem
1600 4784 1626 4832 et
1638 4780 1824 4844 lexicographis

222 4845 361 4913 collecturi,
371 4846 424 4897 suis
432 4846 510 4912 ipsius
524 4849 669 4899 commentis
681 4852 778 4900 auctam
788 4852 814 4900 et
826 4850 990 4916 variegatam,
1005 4850 1113 4907 lacunis.
1125 4852 1285 4917 corruptelis,
1296 4853 1448 4920 interpositis
1459 4851 1600 4907 Philostrati
1610 4853 1672 4904 iocis
1683 4852 1822 4914 turbatam,

221 4914 310 4978 insigni
322 4915 427 4967 artificio
438 4930 575 4983 manusque
585 4918 733 4970 dexteritate
745 4920 770 4969 in
784 4920 893 4971 codicem
907 4921 1042 4970 Parisirrum
1056 4920 1180 4972 intulisset
1196 4925 1240 4982 (v.
1257 4922 1349 4974 Pheia
1363 4928 1485 4977 Muscam
1497 4921 1649 4986 srirPhitot.
1666 4925 1725 4973 1888
1736 4933 1761 4986 p.
1773 4924 1824 4973 808

221 4998 286 5048 squ..
298 5001 324 5050 p.
340 4992 386 5037 881
398 4986 476 5051 sqq).
491 4987 608 5038 Probavit
618 4988 666 5039 hoc
684 4990 784 5040 iiiecilo
798 4990 824 5039 in
837 4989 991 5055 Zettschrtst
1006 4990 1055 5053 sttr
1072 4993 1316 5054 damnosissimum.
1336 4998 1404 5053 1888,
1416 5008 1441 5058 p.
1463 4995 1506 5043 721
1522 5006 1576 5056 sqq.
1593 4995 1643 5058 ligo
1654 4990 1714 5056 qnid
1724 4990 1763 5043 ds
1780 4992 1825 5044 itis

221 5056 333 5116 sentiam,
344 5057 479 5121 significari
492 5058 517 5108 in
526 5061 668 5123 Getitucer
683 5060 733 5124 oet.
751 5063 879 5126 Arrectum
895 5065 963 5123 1889,
975 5074 1001 5124 p.
1020 5066 1058 5112 18.
1070 5063 1158 5113 Fateor
1170 5062 1231 5113 mihi
1244 5077 1356 5126 qnoque,
1368 5077 1447 5128 quum
1462 5062 1570 5128 primum
1583 5075 1624 5113 an.
1648 5066 1708 5113 1881
1719 5062 1824 5126 κόμιζεν

220 5126 294 5176 istam
305 5129 423 5189 ἱστορικὴν
440 5128 519 5180 obiter
529 5129 678 5190 movissem,
690 5144 745 5181 eam
755 5131 796 5180 rix
808 5131 907 5195 dmum
922 5132 999 5182 risam
1010 5146 1064 5184 essc
1072 5146 1130 5195 quts
1141 5133 1166 5183 in
1181 5133 1262 5185 lucem
1274 5135 1468 5198 protraheretur.
1479 5133 1551 5184 ilaud
1562 5131 1722 5196 lgitnrmlror
1738 5131 1824 5184 strue

220 5196 281 5260 quid
291 5195 410 5248 arumna
420 5197 621 5261 Waehsrnuthio‚
632 5204 659 5250 at
673 5200 775 5251 mirarer
789 5201 870 5253 rtrum
882 5201 1052 5254 doctissimum
1065 5203 1092 5254 tn
1102 5217 1132 5255 ea
1142 5204 1254 5268 opinione
1266 5207 1472 5268 perseverantem.

252 5266 591 5333 (·*)Vidediligent1ssimam
603 5269 794 5333 disquisitionem
804 5270 850 5335 ch,
861 5275 923 5336 Aug,
937 5273 1141 5347 volquardsenil.
1150 5274 1170 5324 l.
1185 5287 1210 5338 p.
1223 5281 1250 5326 st
1264 5288 1319 5338 sqq.
1389 5328 1392 5335 ,
