3838 6030
504 529 678 589 mamma
699 530 752 591 aa
773 515 900 591 abans
924 531 985 591 ,nr
1010 530 1198 591 stainam.

1600 535 1656 594 tat

59 661 268 739 ‹l'uneiaponsi
281 663 563 731 victoricuseniussi,
576 665 592 719 a
605 684 636 720 ce
653 676 794 733 moment,
810 666 830 720 il
883 676 1020 739 martyres
1043 665 1082 721 du
1102 667 1207 733 Christ,
1222 664 1347 721 chacune
1364 664 1433 721 dans
1446 666 1472 720 le
1486 665 1542 721 lieu
1557 666 1592 722 de
1606 686 1658 723 son

58 752 94 808 lui
105 752 300 808 oiiriteonrme
312 770 460 809 couronne
474 752 550 809 desa
560 755 681 810 victoira
692 756 719 810 le
731 754 831 809 travail

60 842 146 899 deses
160 843 259 898 mains.

93 929 128 1008 [S
146 928 228 1007 na]
242 931 332 1005 Apris
346 932 427 987 avoir
438 931 516 987 cleve
534 942 563 987 et
576 934 693 988 termine
706 933 746 988 les
761 934 831 988 trois

58 1020 191 1095 chapelles
203 1022 327 1091 sacries,
350 1022 384 1076 ils
397 1022 439 1077 ies
454 1019 588 1076 eruerent
606 1033 635 1077 et
648 1023 688 1078 les
702 1022 831 1077 embeili-

57 1120 115 1165 rent
137 1106 225 1164 d’une
245 1108 369 1165 maniire
395 1110 494 1185 dignc3
518 1112 583 1186 puis
604 1112 638 1165 ils
661 1110 829 1186 transporte-

57 1208 114 1252 rent
129 1197 241 1272 chaque
261 1208 388 1274 martyre
414 1199 483 1255 dans
500 1218 531 1255 sa
547 1200 684 1273 chapelle.
708 1199 753 1254 On
777 1201 829 1254 mit

56 1288 139 1342 sainte
153 1286 260 1343 Gaiaue
275 1305 342 1343 avec
356 1306 399 1343 ses
419 1287 496 1343 deux
516 1306 687 1364 campagnes
708 1287 777 1344 dans
801 1288 828 1343 la

57 1375 179 1450 chapelle
193 1375 233 1431 du
247 1375 334 1445 midi,
347 1396 385 1432 au
405 1376 461 1432 lieu
475 1377 512 1434 de
525 1396 577 1433 son
593 1389 726 1452 martyre.
748 1379 783 1431 Et
796 1377 830 1431 iis

57 1464 276 1540 transponerent
310 1465 382 1520 aussi
406 1466 433 1521 la
457 1466 661 1523 bienheureuse
686 1466 829 1540 Hripsimis

5 1558 6 1627 J
56 1572 119 1609 avec
135 1572 179 1609 ses
192 1554 374 1610 trente-deux
395 1573 566 1630 campagnes
581 1555 651 1611 dans
665 1556 690 1610 ln
706 1554 829 1629 chapelle

56 1643 89 1698 ‹ie
101 1643 230 1711 i'orient‚
246 1643 285 1698 du
297 1644 361 1699 cote
380 1643 415 1698 de
436 1645 461 1698 la
477 1646 584 1719 grande
599 1645 694 1719 eglise.
710 1646 747 1699 Et
759 1643 828 1698 celle

56 1732 133 1805 qu'ils
154 1732 269 1787 avaient
290 1734 455 1806 martyrisee
476 1734 552 1790 seule
567 1734 636 1789 dans
659 1734 685 1788 ia
707 1750 828 1787 resserrc

56 1839 219 1889 concavas,
235 1821 269 1875 iis
282 1822 322 1876 lui
333 1820 477 1877 elevarent
491 1816 547 1879 une'
561 1823 688 1898 chapelle
708 1840 744 1876 au
754 1820 829 1876 nord

55 1910 213 1965 riainville.
231 1910 265 1964 Et
277 1911 309 1965 ils
331 1909 553 1985 transportarent
565 1922 658 1967 tautes
671 1911 711 1966 les
727 1911 829 1965 saintes

5 2086 6 2093 ¹
83 2076 114 2133 ll)
127 2066 237 2138 L’ilglise
254 2072 336 2122 eleve'e
356 2086 400 2137 par
419 2076 443 2122 S.
470 2071 586 2136 Gregaire
598 2074 669 2135 porta
680 2071 704 2121 le
716 2083 774 2120 nom
795 2069 826 2119 de

5 2156 6 2159 ’
55 2147 197 2195 arescente
212 2143 246 2194 riu
257 2143 296 2193 iris
311 2143 403 2207 unique
417 2164 438 2192 ν.
449 2143 517 2194 C'est
530 2156 575 2192 sur
587 2156 633 2193 son
648 2141 827 2205 emplnmment

5 2254 6 2257 ,
53 2228 98 2278 que
110 2230 138 2265 se
154 2215 268 2265 orassent
280 2214 316 2264 les
328 2214 634 2264 conslmctlonsacleelles
642 2211 777 2277 ‹lsi’egiise
791 2210 826 2260 da

5 2316 6 2351 ι
54 2287 189 2337 monestere
207 2285 334 2349 patriarcal
355 2284 568 2345 ‹l'Elielrmiadzin‚
583 2284 691 2334 deeriles
709 2296 755 2347 par
773 2285 824 2331 Du·

53 2356 103 2407 bois
112 2357 145 2411 de
155 2360 328 2421 Marmoreas,
339 2354 401 2407 (lans
413 2370 457 2406 son
469 2374 481 2397 ι
495 2359 595 2420 voyage
608 2357 699 2404 autaut
712 2354 748 2403 ιλιι
760 2355 825 2405 θαυ-

5 2420 6 2427 ’
53 2442 105 2478 case
117 2451 139 2483 ε,
151 2428 227 2491 parte
241 2430 271 2478 P.
288 2426 496 2487 chalbatounott,
509 2446 520 2468 n
532 2425 654 2489 Deseript.
670 2423 824 2475 si'Edcbmia·

5 2580 6 2627 Ῑ
54 2581 110 2648 λιθς
124 2581 286 2649 συνετάξατο
304 2586 342 2658 τῷ
357 2580 425 2662 ἁγίῳ
440 2581 577 2660 Γρηγορίιρ
601 2582 637 2644 εἷς
661 2578 825 2658 ὑψηλότατον

53 2670 95 2728 καὶ
115 2667 188 2751 μέγα
201 2668 275 2748 όρος,
298 2673 395 2741 Μασῆς
415 2668 573 2747 λεγόμενον,
602 2669 735 2737 ἀπελθεῖν,
761 2668 828 2723 ἑπτὰ

5 2776 7 2791 “
54 2762 160 2837 ἡμερῶν
179 2758 238 2817 θδὸν
253 2756 324 2837 ἔχον,
337 2755 406 2816 ὥστε
421 2756 473 2814 ἀπὸ
486 2760 533 2827 τῆς
546 2759 661 2836 κορυφῆς
682 2753 773 2813 λαόεῒν
791 2753 829 2812 λί-

5 2892 6 2925 γ
53 2851 107 2913 θους
121 2846 304 2925 άτιροτόμονς,
319 2843 474 2924 στιθαροδς,
498 2845 606 2910 πλατεῖς
628 2866 656 2902 τε
682 2842 729 2902 καὶ
749 2841 829 2919 μήκει

55 2933 232 3011 παμμεγέθει,
257 2937 292 2999 ὡς
316 2932 353 3009 μὴ
377 2932 471 3014 ῥαδίως
491 2935 619 2991 κινεῖσθαι
643 2930 693 2990 ὑπὸ
716 2930 829 3001 πλήθους

55 3020 209 3102 ἀνθρώπων.
236 3019 432 3089 Ἀναόαστάξας
454 3010 499 3079 aiv
515 3025 553 3101 τῷ
567 3019 641 3098 νώτῳ
662 3016 829 3097 γιγαντιαίως

53 3112 97 3169 καί
112 3110 228 3187 κομίσας
242 3109 312 3169 tare
326 3109 425 3180 στήλας
449 3111 485 3176 εἷς
503 3110 549 3177 τὰς
571 3109 649 3189 θόρας
668 3112 721 3168 τῶν
737 3112 827 3187 ναῶν,

53 3197 163 3271 ἔστησεν
174 3196 349 3278 παραστάδας
362 3197 408 3255 καλ
418 3197 568 3279 ὑπέρθυρα,
579 3196 637 3255 ἀντὶ
648 3195 829 3275 τῆςπροτέρας

54 3287 97 3344 καὶ
119 3285 233 3358 ἀνοήτου
261 3285 369 3365 μάχης,
390 3284 423 3357 ἣν
437 3288 502 3362 μετὰ
524 3290 572 3356 τῆς
600 3286 676 3364 ἀγίας
701 3284 828 3366 Ῥιψίμης

53 3374 210 3435 ἰπόκτευσεν
221 3376 249 3433 ἕν
261 3380 299 3455 τῷ
314 3374 371 3456 ἰδίῳ
384 3380 505 3448 κοιτῶνι,
519 3375 693 3455 ἀντεισφέρων
709 3378 760 3435 τῶν
776 3373 827 3432 πό-

52 3486 111 3524 trev,

92 3560 107 3624 §
132 3555 198 3613 126.
221 3551 408 3630 Οἷκοδομήσας
434 3551 462 3611 δὲ
487 3553 533 3611 acri
562 3555 734 3620 καλλωπίσας
761 3559 829 3631 τρεῖς

53 3640 129 3706 ντοθς
144 3644 196 3698 τῶν
223 3641 377 3721 μαρτύρων,
401 3641 469 3719 μετὰ
493 3643 580 3715 πάσης
606 3644 758 3720 ἑτοιμασίας
783 3642 828 3700 καὶ

53 3728 148 3795 παντὸς
164 3728 264 3805 κόσμου
279 3732 390 3789 ἕκαστον
405 3728 462 3790 τῶν
476 3730 557 3811 ἁγίων
574 3734 599 3789 ἐν
621 3739 673 3797 τοῖς
695 3731 768 3796 ἰδίοις
789 3729 829 3786 τό·

53 3841 109 3883 ποις
133 3817 359 3890 ἀποκατέστησεν,
388 3820 441 3880 Καὶ
460 3819 508 3891 τλν
536 3819 583 3898 μὲν
608 3819 683 3896 ἀγίαν
713 3817 827 3887 Ιάιανην

53 3907 116 3985 πρὸς
131 3909 184 3973 τοῖς
197 3906 318 3973 νοτιοιίως
331 3907 436 3986 μέρισιν
452 3907 520 3985 μετὰ
534 3912 586 3967 τῶν
597 3908 737 3988 τριάκοντα
749 3910 827 3986 τριῶν

52 3998 77 4051 ἐν
93 4004 150 4061 τοῖς
165 4000 288 4075 βορεινοῖς
303 3997 409 4075 μέρεσιν
428 3999 498 4058 κατὰ
518 3997 649 4065 ἀνατολάς
663 4001 711 4067 τῆς
726 3996 827 4061 πόλεως

53 4086 78 4142 ἐν
94 4088 133 4162 τῷ
151 4087 206 4163 ναῷ
218 4084 384 4165 παρέδωκαν
397 4084 442 4144 καὶ
457 4086 504 4157 τήν
518 4095 665 4167 σφαγεῖσαν
683 4089 780 4155 ἀσθενῆ
799 4088 825 4141 ἐν

52 4176 88 4252 τῷ
100 4174 175 4252 ληνῷ
187 4171 324 4243 ἀπέθεντο,
339 4178 400 4235 ἔνθα
415 4174 460 4232 καλ
470 4175 560 4253 γέγονε
574 4174 633 4242 νοιδς
647 4174 715 4234 κατδι
729 4176 826 4255 βορρᾶν

52 4264 97 4332 τῆς
119 4261 232 4328 πόλεως.
261 4265 370 4328 Πάντας
391 4255 434 4321 οὖν
459 4263 518 4331 τοὺς
541 4264 674 4344 μάρτυρας
698 4264 828 4330 παθόντας

51 4350 118 4431 ὑπὲρ
134 4355 179 4409 τοῦ
193 4353 310 4431 Χριστοῦ
332 4350 497 4430 μετήνεγκαν
512 4358 548 4421 εἶς
560 4353 603 4413 τὸν
621 4353 731 4414 ἑκάστου
749 4350 828 4410 τόπον

51 4440 98 4509 τῆς
109 4441 196 4498 αὐτῶν
211 4442 392 4518 καταθέσεως,
405 4441 474 4500 κατὰ
489 4430 537 4512 τὴν
548 4451 725 4523 προφανεῖσαν
738 4442 828 4522 ὅρμσιν

52 4531 89 4608 ,ᾧ
103 4527 173 4610 ἁγίῳ
185 4532 208 4590 Γ
210 4528 323 4610 ρηγορίῳ
338 4529 420 4597 οὕτως
431 4530 625 4599 τελειώσαντες.
640 4532 716 4593 'Eam
735 4532 762 4590 δὲ
775 4535 827 4589 τῶν

51 4620 133 4696 τριῶν
154 4621 222 4676 ναῶν
239 4616 327 4677 ἐπάνω
351 4622 403 4678 τῶν
430 4620 608 4704 κοιμητηρῖων
625 4623 669 4680 καὶ
690 4619 828 4702 ζωορόρων

52 4705 156 4783 τάρων,
177 4708 203 4765 ἐν
221 4711 274 4774 τοῖς
296 4707 385 4775 τόποις
407 4711 460 4767 τῶν
481 4710 690 4790 θυσιαστηρίων,
716 4709 827 4783 ἔστησεν

52 4794 158 4874 ἒιιάστῳ
169 4794 199 4853 τὸ
210 4796 365 4856 δεσποτικὸν
378 4806 487 4874 σημεῖον
503 4805 547 4857 τοῦ
563 4806 691 4878 σταυροῦ,
707 4799 766 4871 ἵνα,
781 4824 829 4882 pr,-

51 4884 103 4957 σἰν,
124 4882 234 4944 ἐνώπιον
247 4893 296 4947 τοῦ
313 4884 440 4954 ζωοδότου
453 4887 564 4964 σημείου
577 4888 669 4949 τούτου
681 4890 826 4969 προσκυνή-

52 4995 116 5041 σητε
129 4971 217 5052 κόριον
230 4974 274 5033 τδν
286 4975 368 5048 θεὸν,
379 4976 527 5049 ποιήσαντα
544 4984 612 5055 ὑμᾶς
630 5023 687 5040 .....

93 5060 152 5122 Καὶ
167 5063 223 5140 ἅμα
238 5067 276 5145 τῷ
299 5066 407 5145 βασιλεῖ
428 5066 475 5125 σὺν
500 5069 553 5135 τοῖς
566 5069 654 5147 ὄχλοις
671 5071 715 5128 τόν
735 5069 826 5149 τόπον,

51 5149 114 5209 ἔνθα
129 5152 258 5211 ἐθεάσατο
272 5152 315 5211 τδν
339 5156 432 5214 στῦλον
449 5155 556 5237 πόρινον
571 5161 615 5217 ἐπὶ
629 5163 662 5239 τῇ
677 5167 763 5240 χρυσῇ
782 5168 828 5240 βα·

54 5262 110 5311 σει,
132 5239 319 5319 περιετείχισεν
334 5244 490 5326 ὑψηλοτάτῳ
519 5248 600 5327 τείχει
613 5252 649 5316 είς
674 5251 754 5327 τιμὴν
783 5258 827 5313 τοῦ

55 5326 159 5398 τόπον,
174 5327 301 5407 tappet
323 5329 367 5387 καὶ
388 5331 514 5414 κλείθροις
536 5338 762 5418 ἀσφαλισάμενος,
783 5346 828 5405 καὶ

852 2074 856 2089 l

884 773 978 829 repas.
1005 756 1040 809 Et
1066 755 1176 828 chaque
1199 754 1285 810 chose
1308 753 1352 808 fut
1370 754 1528 828 accomplie
1548 757 1658 812 suivant

884 844 990 900 l'ordrc
1009 842 1082 899 dela
1096 845 1187 898 vision
1205 860 1330 917 apparue
1343 842 1359 897 i
1374 845 1446 898 saint
1458 843 1604 919 Gregoire.
1625 846 1659 901 Et

884 934 954 990 dans
965 935 1005 989 ies
1023 934 1092 988 trois
1104 935 1246 1008 chapelles
1258 933 1368 989 elerees
1385 952 1434 989 sur
1447 934 1487 989 les
1502 935 1661 1010 sepultures

882 1024 919 1079 de
935 1042 980 1079 ecs
999 1033 1138 1096 martyres
1151 1024 1280 1081 viventes
1301 1019 1356 1100 [en
1370 1019 1482 1097 Dieu},
1498 1022 1519 1076 ii
1541 1023 1620 1079 eleva
1632 1023 1660 1079 le

882 1113 960 1187 signe
978 1112 1056 1166 sacre
1076 1110 1112 1166 de
1130 1110 1158 1166 la
1173 1114 1252 1168 erait
1269 1112 1309 1168 du
1330 1111 1477 1184 Scigneur,
1497 1130 1531 1166 en
1545 1130 1659 1168 recom-

881 1199 1061 1256 mandantau
1073 1199 1317 1274 peupled'adorcr
1326 1199 1353 1254 le
1362 1199 1567 1273 Seigneurleur
1576 1202 1659 1258 Cre'a-

882 1296 947 1341 teur
956 1285 1061 1341 devant
1074 1304 1106 1341 ce
1119 1287 1194 1361 signe
1209 1290 1256 1361 qui
1272 1285 1367 1343 viviiie
1387 1296 1450 1341 tout
1462 1287 1489 1342 le
1502 1289 1656 1345 monde...

922 1376 1046 1435 hussitbt
1059 1377 1079 1430 ii
1093 1376 1146 1431 alla
1158 1395 1225 1433 arec
1234 1379 1260 1434 ie
1272 1379 1317 1433 roi
1332 1388 1360 1432 et
1372 1394 1439 1431 avec
1450 1387 1513 1432 tout
1521 1378 1547 1432 le
1556 1379 1660 1453 pcupie

882 1486 918 1521 au
938 1467 995 1519 lieu
1009 1464 1126 1537 indique
1141 1464 1175 1518 de
1190 1466 1217 1520 ia
1231 1466 1350 1521 calonne
1364 1464 1400 1518 de
1417 1464 1464 1519 seu
1484 1466 1574 1522 suria
1594 1465 1659 1520 base

883 1553 962 1622 d'ar·;
988 1553 1020 1607 ils
1046 1548 1268 1608 environnercnt
1298 1552 1416 1608 aussitbt
1435 1569 1468 1606 ce
1493 1553 1551 1607 lieu
1575 1553 1659 1607 d’une

880 1643 965 1698 haute
989 1640 1132 1709 muraille‚
1153 1641 1186 1696 iis
1200 1642 1227 1696 la
1249 1642 1393 1696 munirent
1414 1639 1450 1694 de
1472 1651 1568 1714 portes
1583 1652 1611 1695 et
1626 1640 1660 1696 de

880 1747 1024 1797 serrures,
1045 1739 1073 1783 et
1085 1728 1114 1783 iis
1128 1730 1205 1785 aussi
1221 1731 1254 1784 iis
1275 1729 1417 1784 elevarent
1429 1728 1552 1803 ie'signe
1577 1729 1612 1785 de
1632 1728 1659 1783 la

883 1820 962 1874 croix
974 1818 1105 1873 salutaire
1118 1814 1178 1892 (1);
1190 1830 1218 1874 et
1229 1819 1392 1892 quicanque
1406 1817 1498 1872 venait
1508 1837 1543 1873 en
1555 1829 1601 1873 eet
1610 1835 1658 1872 en-

882 1908 960 1963 droit
971 1906 1090 1980 pourait
1105 1904 1210 1963 adorer
1224 1906 1239 1962 a
1254 1925 1367 1982 genaux
1381 1906 1407 1960 ie
1424 1906 1499 1962 Dieu
1513 1907 1657 1963 ereatana

880 2068 965 2128 elain»,
979 2082 1024 2131 par
1040 2069 1187 2118 librasset
1208 2066 1270 2116 dans
1285 2081 1330 2117 soa
1346 2087 1357 2110 ι
1374 2070 1420 2118 ille
1434 2069 1542 2131 Rappart
1562 2080 1606 2117 sur
1624 2081 1658 2117 aa

880 2153 971 2203 voyage
983 2152 1014 2189 en
1023 2139 1146 2199 armenie,
1158 2159 1170 2181 ν
1180 2140 1206 2189 el
1217 2152 1247 2188 en
1257 2138 1353 2202 general
1363 2139 1515 2203 perteusles
1526 2151 1660 2202 vcyngeurs

883 2210 926 2273 qui
939 2212 983 2260 ant
995 2209 1056 2260 ecrit
1068 2209 1113 2260 (ies
1128 2210 1244 2260 relations
1262 2208 1294 2259 rie
1312 2210 1380 2260 leurs
1391 2208 1581 2274 peregrinatione
1599 2208 1661 2259 dans

881 2281 904 2331 ia
923 2280 1040 2346 province
1051 2280 1181 2335 d'Erivan,
1199 2294 1243 2331 sar
1265 2281 1288 2331 ie
1305 2280 1427 2331 territoire
1453 2280 1485 2331 de
1502 2280 1608 2344 laquelle
1633 2293 1660 2329 se

883 2356 972 2403 trouve
982 2353 1006 2402 ic
1019 2354 1127 2403 convent
1140 2352 1268 2416 patriarcal
1280 2351 1312 2401 rie
1320 2352 1459 2402 i’Armenie.

882 2578 967 2625 sancto
980 2574 1096 2639 Gregorio
1107 2573 1219 2625 decrerit
1234 2573 1302 2624 abire
1311 2573 1336 2623 in
1346 2573 1492 2625 altissimum
1509 2578 1534 2625 et
1550 2574 1659 2637 eruptum

885 2686 1010 2745 montem,
1025 2683 1101 2734 Masis
1112 2683 1281 2746 nominatum,
1294 2687 1389 2750 septem
1403 2685 1499 2736 dierum
1516 2684 1603 2735 itinere
1620 2684 1658 2734 ‹tt-

885 2795 1000 2855 stantem‚
1012 2796 1041 2844 ut
1049 2807 1078 2844 ex
1089 2792 1182 2845 vertice
1190 2794 1245 2858 ejus
1254 2798 1353 2859 caperet
1362 2794 1456 2859 lapides
1465 2795 1553 2857 duras,
1562 2808 1658 2860 graves,

884 2901 998 2967 latosque
1004 2906 1030 2954 et
1043 2903 1148 2968 ingentis
1156 2904 1338 2970 amplitudinis,
1354 2909 1383 2957 ut
1392 2920 1440 2956 nea
1452 2906 1522 2958 iacsse
1533 2920 1658 2957 moverer·

884 3013 950 3060 tura
963 3011 1049 3061 multis
1068 3012 1219 3064 bominibus.
1235 3015 1349 3066 Sublatas
1363 3029 1420 3081 erga
1435 3016 1460 3066 ln
1474 3015 1605 3068 bammum
1621 3016 1658 3082 gl·

883 3123 962 3184 gantis
975 3137 1043 3174 mare
1056 3127 1113 3175 octa
1125 3126 1252 3177 columnas
1267 3127 1327 3178 tulit
1338 3142 1383 3191 pra
1402 3127 1481 3192 portis
1491 3128 1657 3191 templorum,

883 3231 909 3279 et
918 3230 1045 3323 copslituit
1057 3232 1166 3295 partiam
1175 3236 1200 3284 et
1210 3234 1304 3297 lapides
1317 3235 1456 3299 superiores
1465 3236 1599 3301 asnorum,
1614 3250 1660 3300 pra

883 3341 963 3404 priore
974 3344 999 3393 et
1010 3344 1100 3394 amenti
1110 3359 1207 3409 pugna,
1222 3346 1308 3410 quain
1324 3346 1438 3397 cubiculo
1451 3361 1497 3398 sua
1510 3362 1568 3398 cum
1576 3352 1660 3398 macta

883 3445 991 3509 lllpsime
1002 3448 1108 3498 luctatus
1120 3451 1173 3510 est,
1186 3448 1291 3501 reddens
1307 3451 1410 3502 labores.

913 3549 928 3613 §
945 3553 998 3602 lte.
1015 3552 1064 3601 Ubi
1080 3551 1247 3605 edificaverat
1260 3558 1285 3606 el
1304 3562 1435 3609 ornaverat
1456 3562 1506 3609 tres
1522 3562 1658 3622 martyram

882 3646 949 3697 mdes
980 3652 1080 3700 sanctus
1102 3665 1159 3700 cam
1187 3652 1255 3702 omni
1281 3660 1400 3718 apparatu
1430 3657 1545 3721 omnique
1571 3662 1658 3709 ornatu

884 3756 1085 3807 unumquemque
1100 3749 1241 3798 sanctorum
1252 3747 1277 3798 in
1291 3750 1346 3801 ioco
1361 3766 1407 3802 suo
1420 3752 1550 3817 deposuit:
1563 3758 1590 3806 et
1604 3769 1659 3805 san-

882 3844 949 3890 ctam
960 3840 1059 3904 quidem
1073 3842 1189 3894 Gaianam
1199 3846 1223 3895 in
1233 3847 1345 3911 partibus
1358 3851 1505 3902 australibus
1516 3851 1588 3916 [cum
1597 3853 1658 3903 (lua-

882 3933 929 3984 bus
943 3940 1093 3999 posuerunt,
1106 3941 1217 3989 sanctam
1229 3941 1371 4008 Ripsimen]
1389 3960 1444 3995 cum
1458 3946 1559 4011 triginta
1576 3948 1656 4000 tribus

881 4030 907 4080 in
919 4031 1060 4083 borealibus
1073 4047 1160 4085 versus
1173 4034 1294 4089 orientem
1309 4040 1417 4091 civitatis
1428 4041 1454 4092 iu
1464 4044 1558 4107 templo
1574 4044 1656 4109 sepul·

880 4126 1124 4189 turastradiderunt3
1134 4130 1291 4182 etinirrmam
1305 4138 1437 4186 mactatam
1454 4137 1657 4191 intercalariae
1694 4138 1699 4146 ”

880 4227 1031 4287 posuerunt,
1049 4226 1092 4276 ubi
1105 4230 1130 4278 et
1149 4231 1269 4295 templum
1285 4235 1454 4285 constructum
1468 4238 1507 4286 esi
1522 4237 1553 4287 ari
1567 4242 1660 4303 septen·

882 4321 986 4372 trionem
1008 4320 1124 4375 civitatis.
1147 4327 1235 4392 ltaque
1250 4342 1337 4380 omnes
1352 4335 1471 4395 martyres
1492 4347 1536 4396 pro
1558 4335 1658 4386 cirristo

881 4432 967 4482 passos
983 4423 1162 4474 transtulerunt
1182 4424 1214 4476 ad
1228 4427 1282 4477 loca
1295 4441 1349 4478 suaa
1359 4429 1518 4493 depositionis
1532 4432 1652 4496 singutas,

882 4514 963 4565 omnia
977 4516 1132 4580 perficientes
1151 4522 1287 4573 secundum
1302 4524 1421 4575 visionem
1441 4531 1527 4577 sancto
1541 4530 1656 4593 Gregorio

881 4616 938 4664 ante
965 4616 1152 4668 manifestatam.
1166 4622 1236 4671 Intus
1252 4635 1309 4672 vero
1328 4624 1352 4673 in
1367 4623 1448 4675 tribus
1465 4627 1563 4691 templis
1582 4643 1657 4695 super

882 4715 1021 4764 camaleria
1034 4719 1060 4764 et
1079 4717 1209 4780 sepulchra
1225 4720 1300 4770 vitam
1317 4722 1455 4785 afferentia,
1474 4723 1499 4775 in
1515 4726 1576 4778 locis
1593 4728 1654 4779 alta·

882 4805 957 4865 rium,
977 4804 1002 4855 in
1019 4807 1120 4872 singuiis
1134 4815 1236 4862 sanctus
1253 4813 1381 4866 coustituit
1393 4817 1549 4870 Dominicum
1560 4821 1656 4886 algnum

881 4905 978 4965 crucis,
992 4908 1034 4967 ut,
1050 4907 1188 4973 inquiebat,
1207 4925 1289 4963 coram
1303 4912 1353 4964 boc
1368 4915 1449 4981 signa,
1465 4932 1510 4981 per
1525 4920 1591 4983 queri
1606 4923 1655 4972 rita

881 4996 939 5047 data
949 5001 1000 5060 est,
1011 4999 1118 5052 adoretis
1130 5003 1259 5055 dominum
1269 5008 1363 5068 Deum,
1377 5010 1420 5072 qui
1435 5011 1493 5063 lecit
1505 5027 1550 5065 vos
1552 5053 1599 5066 .....

912 5101 978 5152 Tum
998 5115 1046 5152 ona
1058 5117 1116 5154 cunr
1130 5121 1188 5171 rege
1201 5112 1227 5158 et
1245 5122 1302 5159 cum
1319 5110 1398 5161 turbis
1419 5113 1516 5179 locum,
1534 5118 1579 5170 ubi
1596 5120 1658 5171 vidit

881 5232 1017 5282 columnam
1035 5233 1131 5297 igneam
1149 5252 1223 5304 super
1236 5239 1314 5290 basim
1331 5255 1445 5308 auream,
1465 5246 1658 5303 circumvallavit

881 5374 952 5411 muro
970 5361 1088 5413 altissimo
1100 5365 1133 5416 ati
1145 5367 1265 5419 bonorem
1276 5371 1337 5434 ioci,
1355 5386 1465 5439 saxoque
1481 5378 1513 5428 aii
1528 5381 1620 5431 ostium
1629 5384 1657 5433 et

1542 5479 1573 5518 tt.
