3890 6044
294 533 364 616 xfflj'
881 552 889 572 ⁸
949 537 1250 602 PROLEGOMENA.

295 667 421 749 Βίχιιρες
433 669 587 748 λεγόμενον,
597 673 642 729 νῦν
655 668 684 729 dl
698 671 797 730 οίκοῦοι
813 669 925 750 Κόλχοι.
938 670 1027 751 Μέχρι
1041 662 1085 731 οῦν
1098 676 1144 732 τοῦ
1157 672 1309 754 Ὀφιοῦντος
1320 679 1442 746 ποταμοῦ
1456 671 1490 732 td
1503 671 1563 745 ἔθνη
1575 676 1626 732 τῶν
1642 673 1687 733 δύο
1699 662 1807 736 Πόντων
1818 677 1889 738 ἐστίν.

298 786 344 828 ro.
361 768 492 849 Ψυχροῦ]
507 773 552 826 τοῦ
566 769 611 829 Ψ.
623 800 664 815 -
680 788 728 830 11.
744 768 781 836 εἰς
792 767 882 828 Καλὸν
903 770 1038 848 ποταμὸν,
1050 769 1094 829 τὀν
1108 775 1153 829 νῦν
1167 767 1311 851 λεγομένην
1326 768 1420 843 Καλὴν
1438 768 1624 851 παρεμῦολήν]
1640 770 1686 830 lbi
1699 771 1778 844 Καλι]
1795 794 1890 853 παριρ·

294 859 363 933 θαλαί
376 862 409 920 in
422 863 486 922 cod.
505 862 598 922 Lond.
616 864 715 925 Fuerit
731 885 738 921 :
754 864 782 921 lv
796 864 912 945 scirpi,
926 868 971 923 νῦν
984 865 1114 945 λεγομένη
1127 864 1206 938 Καλὴ
1219 863 1389 945 παρεμὸολή.
1401 897 1442 910 -
1457 886 1504 926 ra.
1520 865 1623 944 Καλῆς]
1641 869 1689 938 τῆς
1703 868 1740 928 K.
1753 899 1794 914 -
1806 868 1848 931 lb.
1857 870 1886 933 εἷς

293 954 338 1015 τδν
352 955 451 1026 Ῥίζιον
472 957 613 1042 λεγὸμινὸν
634 982 697 1020 ποτε
715 960 784 1038 (ern.
799 959 928 1041 ποταμὸν]
949 959 995 1018 καί
1013 960 1123 1043 λιμένα]
1143 966 1178 1031 εἷς
1196 960 1227 1021 cd
1246 959 1357 1042 Θρίζιον
1380 961 1439 1033 ἤτοι
1456 960 1557 1031 Ῥίζεον
1577 962 1738 1041 καλούμενον
1757 963 1833 1024 ὁπότε
1850 965 1889 1023 καὶ

292 1051 400 1133 λιρίνα.
413 1054 491 1132 Lege
513 1056 575 1120 καλ.
592 1055 711 1131 ποταμὸν
726 1069 775 1115 aut
792 1058 855 1115 καλ.
871 1052 935 1115 ποτε
947 1056 1076 1135 ποταμόν.
1088 1092 1130 1105 -
1142 1071 1188 1129 rt..
1198 1057 1313 1137 Ῥιζίου]
1330 1057 1442 1127 ‘Piliam
1456 1057 1556 1120 -152
1569 1057 1684 1131 Ἀδινῆον
1698 1056 1764 1142 ἤδη]
1774 1059 1888 1120 Ἀδιναῖον

293 1150 411 1223 ἤτοι.’-
426 1153 473 1212 18.
489 1150 617 1231 Ἀδιν4ον]
630 1152 769 1213 Ἀδιναίου.
779 1186 820 1199 -
829 1153 876 1214 ι8.
891 1155 926 1220 είς
938 1151 1062 1232 Κόρδαλα
1074 1155 1183 1238 χωρίον]
1203 1156 1239 1222 είς
1261 1151 1398 1238 Κορδθλην
1410 1153 1507 1234 χωρίον
1522 1153 1653 1234 κείμενον.
1664 1176 1763 1214 -αιῐ,
1775 1156 1888 1234 χωρίον..

254 1298 258 1307 .
293 1247 445 1327 λιγὸμενον]
460 1248 561 1331 χώρα..
572 1251 714 1330 λεγομένη.
726 1283 766 1296 -
778 1251 826 1310 αδ.
842 1249 933 1310 τοῦτον
949 1255 995 1311 τοῦ
1008 1252 1120 1333 χωρίον]
1138 1252 1223 1333 τούτῳ
1234 1254 1272 1332 τῷ
1290 1249 1393 1332 χωρίῳ.
1404 1281 1445 1296 -
1459 1251 1508 1317 26.
1524 1249 1632 1320 οώζοιτο
1648 1253 1716 1331 etc]
1731 1251 1852 1321 οώζοιντο
1868 1253 1888 1309 δ’

294 1344 327 1403 ἂν
342 1350 390 1404 τοῦ
411 1350 494 1428 βορρᾶ
518 1350 649 1427 ὁρμοῦντα
669 1349 760 1407 πλοῖα.
777 1379 818 1394 -
832 1348 882 1408 30.
899 1346 963 1407 ’And
979 1347 1006 1406 δὲ
1019 1347 1133 1422 Ἀθηνῶν
1152 1351 1190 1416 είς
1207 1347 1325 1427 Ζοίγατιν
1343 1347 1463 1423 ποταμὸν
1484 1346 1579 1406 στάδια
1595 1346 1630 1417 ζ’.
1648 1347 1712 1409 Ἀπθ
1728 1346 1842 1418 Ἀθηνῶν
1860 1349 1892 1414 είς

295 1440 453 1522 Πρύτανην]
462 1441 535 1503 'tint
549 1442 576 1501 il
588 1442 625 1503 Ἀ.
640 1445 677 1512 οἱς
691 1443 834 1523 Ζαγγοίλην
855 1466 919 1506 ποτ.
933 1445 1028 1504 στάδια
1042 1447 1077 1518 ζ’,
1090 1446 1129 1521 ε’,
1142 1447 1200 1523 μίλ.
1222 1445 1259 1506 α’.
1274 1445 1339 1505 ’Ano
1356 1444 1384 1504 δὲ
1405 1442 1549 1522 Ζαγγιίλου
1570 1450 1690 1523 ποταμοῦ
1707 1444 1769 1517 ἤτοι
1787 1442 1892 1518 Ἀθηνῶν

294 1540 330 1605 εἰς
343 1539 497 1620 Πυρτάνην.
515 1573 557 1586 -
573 1543 621 1602 32.
640 1541 761 1621 βασίλειοί
776 1544 857 1602 ἐστιν.
871 1540 935 1602 Ἀπὸ
949 1541 976 1601 δὲ
994 1543 1145 1622 Προταίνου]
1159 1545 1278 1604 omissa.
1291 1576 1332 1590 -
1342 1544 1389 1611 34.
1403 1540 1541 1621 Ἀρμίνοο]
1553 1540 1689 1621 Ἀρμένης.

309 1656 311 1661 ·
332 1634 368 1696 Ρ.
382 1648 455 1716 tra,
469 1657 499 1696 a.
518 1635 669 1720 περιοίκων]
689 1638 898 1719 περιοικούντων.
913 1673 954 1688 -
973 1641 1001 1698 6.
1019 1643 1072 1699 τῶν
1090 1638 1207 1721 ταθρων]
1223 1641 1288 1699 liaec
1302 1638 1408 1712 verba,
1426 1638 1459 1697 in
1476 1637 1541 1699 Vat.
1560 1639 1682 1714 omissa,
1698 1639 1789 1699 habet
1809 1640 1892 1700 codex
1931 1630 1932 1669 ³

293 1728 390 1796 Lond.
402 1764 444 1782 ·-
453 1731 499 1794 lb.
515 1731 575 1801 θς..
594 1734 694 1794 διώκων
709 1778 743 1799 ...
759 1735 913 1816 φημίζεται]
926 1735 954 1795 δν
968 1778 989 1798 ..
1002 1735 1159 1800 διώκοντα..
1172 1737 1340 1819 φημίζονται.
1352 1770 1393 1784 -
1404 1758 1434 1813 9.
1450 1737 1487 1805 είς
1498 1734 1654 1819 Ὀφιοῦντα]
1671 1735 1721 1803 ἕως
1734 1734 1891 1818 Ὀφιοῦντος.
1905 1784 1908 1791 .
1931 1754 1932 1759 ’

295 1865 335 1879 -
353 1851 401 1891 ro.
415 1831 533 1911 πρῶτον]
549 1830 651 1911 πρώην.

333 1930 375 1990 ll.
393 1928 631 1997 Ὕποτθπωσις
649 1929 868 2014 γεωγραφίας
891 1936 922 1994 δν
946 1933 1115 2014 ἐπιτὸμορ.
1136 1933 1249 2011 Geogr.
1264 1931 1338 1994 Min.
1355 1953 1385 2005 a,
1399 1953 1429 2011 p.
1448 1933 1594 2009 494509.

334 2031 369 2090 ln
382 2030 557 2108 corruptelis
571 2029 657 2107 longe
672 2031 807 2106 plurimis
825 2032 917 2090 codex
928 2032 1024 2093 Lond.
1039 2052 1105 2091 curn
1120 2031 1225 2090 ceteris
1239 2030 1326 2090 codd.
1342 2029 1503 2107 conspirat.
1514 2029 1612 2088 Pauca
1625 2028 1759 2107 quasdam
1779 2028 1894 2108 propria

294 2125 383 2185 habet
396 2146 406 2188 t
421 2145 488 2204 pag.
507 2126 576 2203 495,
594 2149 619 2184 ι.
633 2131 724 2188 τοῦτον
737 2128 764 2186 δὲ
774 2128 801 2208 *]
821 2132 914 2187 τοῦτον
931 2128 957 2187 δὲ
973 2138 1042 2189 ποιεῖ
1057 2143 1145 2189 recte.
1158 2162 1198 2176 -
1213 2129 1284 2205 496,
1304 2127 1351 2187 18.
1372 2124 1507 2205 ὁριζομένη
1529 2128 1568 2206 τῷ
1581 2121 1693 2206 Ἷοτριρ]
1707 2129 1749 2205 ὁρ.
1769 2126 1815 2185 καί
1834 2127 1894 2203 αὐτῇ
1931 2150 1932 2155 ’

295 2226 334 2304 τῷ
345 2220 380 2286 Ἰ.
392 2235 482 2284 recte.
496 2256 536 2267 —
548 2224 617 2301 498,
637 2245 669 2282 ιι
690 2236 719 2283 et
736 2233 806 2302 499,
826 2227 862 2284 18
874 2238 903 2284 et
920 2227 954 2285 15
970 2229 988 2298 ἡ
1003 2227 1160 2298 articulus,
1177 2244 1264 2303 quem
1284 2222 1434 2303 supplevi,
1452 2242 1511 2280 non
1534 2222 1690 2282 omittitur.
1704 2253 1746 2267 -
1759 2223 1828 2299 498,
1848 2241 1893 2280 aa.

294 2321 394 2400 πολλὴ]
415 2319 506 2391 πόλις,
523 2331 556 2378 ut
571 2319 636 2380 cod.
652 2321 692 2392 E,
703 2319 770 2381 πολὺ
784 2334 851 2381 cett.
870 2322 956 2381 codd.
969 2355 1010 2370 -·
1024 2324 1094 2396 501,
1111 2325 1145 2382 31
1172 2319 1218 2382 καί
1236 2321 1281 2380 τδν
1301 2319 1383 2396 Ἀθω]
1403 2317 1450 2377 lbi
1464 2315 1546 2383 Ἄθως
1564 2317 1621 2398 ὄρος
1636 2338 1739 2377 manus
1755 2336 1856 2376 reeens
1868 2315 1896 2374 in
1931 2354 1932 2377 1

295 2418 427 2494 margine
446 2416 574 2494 scripsit.
588 2457 628 2472 ..
639 2418 705 2489 506,
726 2418 764 2476 25
779 2438 824 2497 sq.
840 2416 895 2497 χξῦ
909 2431 938 2477 et
952 2418 1059 2478 deinde
1074 2418 1156 2499 χίλιοι
1175 2416 1289 2489 στάδιοι,
1305 2414 1381 2491 plica
1395 2414 1423 2473 δὲ
1436 2414 1504 2495 ρλγ’,
1522 2418 1552 2473 in
1566 2414 1590 2473 L
1603 2414 1722 2474 omissa.

335 2515 391 2574 lll.
412 2514 643 2597 Ἀγαθημίρου
662 2514 882 2598 γεωγραφίας
895 2513 1135 2581 ὁποτθπωοις.
1151 2513 1259 2590 Geogr.
1272 2512 1344 2572 itin.
1360 2534 1389 2585 a,
1403 2533 1433 2591 p.
1448 2514 1592 2585 471-487.

335 2612 368 2671 P.
386 2620 455 2686 471,
474 2633 502 2675 r.
515 2611 660 2692 ἐτόλμησα]
672 2615 859 2690 ιἰπετολμηοε,
874 2626 966 2684 recte,
980 2624 1013 2669 ut
1027 2611 1153 2670 videtur.
1165 2643 1206 2657 -
1218 2612 1246 2669 5.
1259 2608 1408 2689 Λίσῦιος]ὁ
1426 2612 1474 2683 A,
1487 2622 1519 2668 ut
1535 2609 1602 2668 cod.
1621 2609 1660 2671 G.
1672 2641 1711 2654 -
1723 2610 1751 2668 6.
1769 2605 1896 2679 πλεῖστα]
1931 2642 1932 2653 ι

293 2711 481 2771 aGrouorio
491 2709 641 2783 additum,
662 2709 749 2769 habet
764 2710 797 2770 L.
811 2743 853 2787 -ὴ
867 2710 939 2784 483,
954 2731 984 2783 7.
996 2707 1093 2786 θένης]
1108 2707 1157 2766 Sic
1174 2708 1212 2766 de
1230 2706 1400 2784 conjectura
1418 2707 1524 2786 scripsi
1544 2727 1600 2785 pro
1624 2706 1742 2786 Θρηνης,
1764 2700 1898 2782 Ἐθριίνης

293 2824 426 2871 sueorum
443 2807 586 2867 codicum.
601 2807 767 2884 Legendum
782 2805 876 2865 ecod.
887 2804 984 2866 hond.
1009 2794 1126 2877 Θειίνης.
1148 2804 1234 2883 Apud
1255 2804 1445 2864 Ptolemaeum
1468 2805 1608 2884 oppidum
1630 2818 1749 2863 vocatur
1762 2802 1897 2873 Θεαῖναι,

293 2905 372 2982 {pud
387 2904 462 2964 ullos
477 2903 549 2976 Os'm]
560 2903 606 2962 vel
619 2903 717 2974 Θιίνη.

957 3066 1295 3121 -Οθῠ--Ι

603 3196 686 3386 un
716 3280 1117 3417 rnrouuuro
1147 3279 1577 3387 Anrsronnm.

334 3549 536 3627 Fragmentum
550 3533 722 3609 historicum
739 3549 776 3608 de
794 3547 881 3608 rebus
896 3547 1065 3607 Graecorum
1079 3568 1116 3606 cx
1130 3568 1219 3627 opere
1233 3548 1410 3608 Aristodemi
1429 3549 1576 3627 cujusdam
1596 3549 1731 3608 avrrisum
1747 3568 1814 3609 esse
1832 3570 1905 3628 prae·

294 3647 390 3717 missae
405 3648 609 3727 inscriptionis
625 3647 683 3707 lide
696 3668 714 3705 a
724 3648 799 3706 viris
813 3646 908 3705 doctis
919 3658 1063 3707 censetur.
1080 3647 1163 3706 Haud
1178 3658 1255 3706 caret
1266 3664 1300 3703 ea
1314 3647 1458 3705 sententia
1473 3647 1571 3724 specie
1580 3643 1825 3725 probabilitatis,
1838 3646 1907 3704 licet

292 3742 470 3803 dubitationi
485 3745 524 3803 sit
537 3743 677 3809 obnoxia.
692 3743 819 3814 Quinam
835 3761 905 3802 vero
923 3742 1010 3801 luerit
1024 3743 1226 3803 Aristodemus
1240 3743 1307 3815 ille,
1323 3744 1349 3803 si
1363 3743 1451 3802 modo
1471 3744 1558 3803 luerit
1565 3786 1576 3814 ,
1590 3744 1698 3801 certius
1711 3743 1776 3803 dici
1793 3745 1905 3821 nequit.

292 3840 373 3900 lnter
387 3841 543 3920 scriptores
559 3841 623 3918 ejus
642 3840 784 3913 nominis,
796 3860 920 3918 quorum
938 3841 1043 3900 notitia
1065 3840 1102 3899 ad
1124 3860 1178 3901 nos
1194 3841 1348 3921 pervenit,
1363 3840 1582 3917 antiquissimus
1601 3858 1664 3899 esse
1686 3840 1811 3900 videtur
1834 3837 1908 3900 Art·
1931 3908 1932 3923 γ

293 3937 457 4011 studemus,
470 3937 672 4016 cujus-Priora
685 3936 865 4015 ὁπομιήματα
882 3937 920 3995 ab
935 3932 1073 3997 Athenaeo
1092 3942 1200 4018 passim
1218 3936 1385 3999 laudantur.
1399 3939 1483 3996 llunc
1498 3937 1577 3997 enim
1596 3935 1651 3997 sub
1670 3939 1785 4015 primis
1808 3933 1908 3997 Ptole·
1931 4002 1932 4015 γ

293 4034 375 4093 rnaeis
386 4033 505 4093 vixisse.
514 4052 552 4092 ex
567 4031 750 4112 temporibus
765 4051 972 4111 personarum,
982 4034 1018 4092 de
1031 4034 1140 4111 quibus
1154 4035 1185 4094 in
1206 4034 1373 4111 fragmentis
1390 4053 1485 4092 sermo
1498 4045 1559 4104 est,
1575 4029 1790 4114 collegerisil‘)
1801 4029 1909 4113 Sequi·
1931 4022 1932 4069 i

293 4140 341 4186 tur
351 4128 553 4189 Aristodemus
565 4116 771 4207 drammaticus
777 4174 786 4204 ,
802 4130 966 4190 Aristarchi
983 4131 1146 4209 discipulus
1172 4131 1275 4210 (schol.
1296 4129 1382 4192 Pind.
1401 4132 1483 4192 Nem.
1500 4150 1530 4203 7.
1547 4126 1589 4208 α),
1605 4130 1656 4207 qui
1678 4129 1912 4191 Alexandrinus

292 4237 417 4283 vocatur
430 4225 461 4284 in
474 4226 564 4291 schol.
577 4227 665 4287 Piud.
678 4227 781 4287 isthm.
800 4249 828 4303 r,
847 4249 893 4289 ιι.
909 4227 989 4287 idem
1008 4228 1085 4289 haud
1106 4227 1196 4289 dubie
1214 4227 1317 4288 ceteris
1337 4246 1456 4304 quoque
1474 4225 1654 4285 scholiorum
1672 4224 1913 4289 Pindaricorum
1931 4222 1932 4311 γ

292 4321 381 4396 locis,
395 4321 504 4400 quibus
518 4323 694 4383 Aristodemi
708 4324 817 4383 mentio
832 4325 880 4396 lit,
894 4324 1102 4400 intelligendus
1113 4336 1166 4384 est.
1181 4325 1283 4401 Itaque
1294 4344 1383 4402 quum
1404 4323 1518 4401 quaein
1532 4323 1625 4385 schol.
1640 4322 1676 4381 ad
1687 4324 1819 4405 Olymp.
1835 4327 1864 4400 3,
1873 4345 1909 4382 aa
1931 4328 1932 4397 l

293 4417 457 4492 traduntur,
468 4419 567 4479 eadem
583 4421 661 4500 apud
682 4421 940 4500 Harpocrationem
959 4441 990 4480 v.
1003 4417 1190 4480 Ἑλλανοδίκαι
1208 4439 1242 4479 ex
1260 4421 1443 4480 Aristodemo
1462 4405 1532 4478 ‘noo
1550 4419 1726 4495 ulier-antur,
1751 4444 1845 4502 quern
1867 4422 1911 4481 ci·
1931 4470 1932 4473 ,

293 4515 366 4574 tavit
380 4515 466 4573 etiam
480 4515 623 4576 Eusebius
642 4519 674 4577 in
692 4517 848 4576 Chronicis
863 4536 896 4595 p.
910 4527 962 4587 ι4ι
975 4515 1022 4575 ed.
1036 4516 1110 4588 ilai,
1121 4516 1352 4576 Alexandrinum
1369 4517 1454 4575 illum
1470 4536 1507 4576 ex
1523 4516 1607 4577 Elide
1632 4518 1802 4578 oriundum
1822 4520 1912 4579 luisse

288 4611 357 4691 jure
365 4631 483 4673 censeas
493 4611 561 4688 (¹⁸⁴²).
575 4600 658 4674 Alius
668 4613 829 4675 Aristarchi
842 4614 1004 4694 discipulus
1015 4613 1069 4674 fuit
1079 4613 1258 4687 Menecrates
1271 4613 1438 4692 Nysaensis.
1451 4613 1545 4692 liujus
1559 4632 1631 4673 vero
1644 4612 1701 4672 filii
1717 4613 1851 4678 inerunt
1861 4616 1916 4675 So*
1931 4638 1932 4691 γ

292 4722 399 4770 stratus
417 4723 447 4768 et
464 4709 665 4777 Aristodemus
683 4712 734 4771 ille
747 4712 846 4772 rhetor
861 4726 890 4771 et
914 4712 1137 4788 grammaticus,
1153 4731 1238 4789 quem
1261 4711 1347 4769 valde
1367 4709 1466 4770 seneni
1481 4710 1601 4788 juvenis
1615 4707 1783 4771 admodum
1804 4711 1913 4773 Strabo
1931 4696 1932 4763 l

290 4806 377 4884 Nysae
391 4808 518 4892 audivit,
535 4821 563 4866 et
576 4827 662 4887 quern
675 4808 781 4869 deinde
794 4811 825 4867 in
844 4807 964 4881 ilbodo,
979 4822 1080 4888 postea
1093 4828 1167 4867 vero
1185 4808 1284 4867 liornae
1298 4807 1412 4867 scholas
1426 4805 1581 4879 habuisse,
1595 4805 1698 4883 ibique
1717 4809 1807 4870 filios
1826 4810 1914 4870 Pom·
1931 4814 1932 4817 ’

291 4903 350 4981 peji
363 4903 497 4964 docuisse
516 4924 554 4964 rx
567 4905 711 4965 Strabone
725 4905 767 4986 (p.
781 4906 853 4986 650)
872 4906 1020 4965 novimus.
1033 4905 1112 4964 idern
1134 4907 1222 4965 refert
1237 4906 1327 4983 hujus
1343 4905 1521 4964 Aristodemi
1541 4904 1645 4985 ἀνεψιὸν
1666 4904 1768 4993 luisse
1787 4910 1932 4971 aiterum.

323 5080 356 5143 (⁶)
374 5079 410 5128 ci.
424 5081 520 5145 [θηρία.
535 5080 594 5131 hist.
607 5083 669 5131 tona.
681 5086 704 5141 3,
715 5096 740 5146 p.
751 5086 806 5142 307,
819 5080 861 5133 ubi
877 5082 936 5131 vido
949 5082 1025 5132 otiam
1036 5082 1067 5132 de
1079 5082 1134 5132 siiis
1146 5082 1316 5133 Aristodemis.
1685 5122 1688 5129 ,
1931 5098 1932 5109 ’

323 5151 373 5215 (“’)
387 5154 415 5201 in
430 5153 538 5216 Ραιιὶμέ
552 5154 806 5218 Reoiencrelopredie
817 5157 878 5204 tom.
896 5158 920 5215 t,
930 5166 957 5216 p.
972 5156 1029 5202 1607
1041 5151 1082 5201 ed.
1097 5165 1146 5203 sec.
1160 5152 1201 5202 hic
1215 5152 1385 5203 Aristodemus
1401 5151 1538 5217 Aristarchi
1553 5149 1693 5215 discipulus
1712 5152 1823 5221 absque
1840 5152 1932 5207 causa

292 5222 446 5284 componitur
459 5234 518 5273 cum
540 5222 697 5274 Aristodemo
719 5224 844 5286 Nysaeusi.
856 5223 950 5273 ibidem
970 5221 1140 5272 Aristodemus
1156 5223 1232 5273 Eleus
1243 5224 1348 5274 tortasse
1358 5236 1407 5272 non
1419 5222 1536 5272 diversus
1545 5234 1599 5272 essa
1612 5221 1708 5271 dicitur
1722 5225 1762 5276 ab
1772 5241 1823 5290 eo,
1839 5238 1914 5293 quem

291 5287 377 5341 nuru
390 5289 555 5342 Tertullianus
566 5295 603 5343 De
616 5305 656 5347 an.
667 5307 688 5343 c.
699 5297 739 5343 to.
753 5296 785 5342 At
795 5292 883 5357 qniibi
894 5291 1060 5343 introducitur
1071 5292 1243 5344 Aristodemus
1258 5306 1307 5343 non
1321 5296 1363 5345 est
1379 5293 1494 5357 scriptor,
1505 5288 1548 5343 sed
1562 5295 1633 5343 rates
1648 5290 1689 5342 ilio
1701 5297 1734 5344 et
1749 5300 1920 5351 somniorum

290 5358 414 5424 interpres
424 5360 546 5425 quispim
559 5356 683 5414 Plutarch.
695 5363 763 5414 Alex.
774 5376 796 5413 c.
809 5368 838 5414 tu
851 5363 994 5415 Aristander
1004 5366 1115 5414 vocatur.
1931 5360 1932 5375 ¹
