3890 6044
260 437 311 517 ον]
505 391 507 396 ’
928 427 1226 491 pantanorum.

215 526 225 563 ί
479 564 530 632 rt.
623 563 671 631 st.
696 563 745 623 55.
768 562 817 624 sc.
845 563 893 625 ss.
918 563 969 636 ⁵7·
992 563 1042 623 62.
1064 563 1114 622 aa.
1138 564 1188 629 or..

340 670 396 729 llll
409 669 529 731 ctlllll.
621 668 726 728 65-8ο.

481 765 531 828 tlt.
622 767 672 825 82.

261 868 376 946 Scripta
391 864 439 924 lris
453 863 640 922 continentur
657 883 664 920 r

347 984 372 1023 t.
394 959 530 1031 Ἀθηναίου
544 959 605 1035 περὶ
618 957 818 1038 μηχανημάτων
832 956 865 1034 (f.
884 959 985 1025 18-54.
1003 959 1053 1016 3ο.
1068 958 1126 1035 55).

343 1079 373 1119 a.
396 1055 513 1124 Βίτωνος
525 1052 687 1114 κατασκευαὶ
700 1055 852 1131 πολεμικῶν
866 1053 983 1133 ὀργάνων
998 1052 1044 1113 καί
1057 1054 1261 1111 καταπελτικῶν
1276 1052 1305 1133 [f.
1319 1053 1364 1111 25·
1377 1052 1436 1129 31).

343 1155 372 1214 3.
395 1149 592 1230 Ἀπολλοδώρου
607 1148 797 1228 πολιορκητικοί
811 1150 897 1209 initio
912 1150 1015 1209 mutila
1029 1150 1061 1230 (f.
1078 1151 1093 1182 ⁴²
1106 1150 1155 1208 60.
1172 1149 1221 1225 59.
1238 1150 1289 1210 61.
1307 1148 1428 1228 33-45).

343 1261 372 1320 4.
395 1247 517 1329 Ἥμονος
529 1245 673 1320 Κτηαιὸίου
687 1247 842 1334 βελοποιικοί
856 1248 887 1327 (f.
909 1248 1037 1329 46.·55).

346 1348 374 1406 5.
397 1345 521 1424 Ἥμονος
536 1343 754 1423 χιιροὸαλίστρας
765 1344 916 1415 κατασκευὴ
931 1344 976 1402 καί
989 1343 1137 1424 συμμετρία
1152 1343 1183 1422 ff.
1200 1342 1247 1402 56.
1265 1344 1314 1403 58.
1331 1339 1388 1421 57).

239 1440 247 1449 ’
343 1446 373 1503 6.
395 1440 515 1523 Ἥμονος
529 1440 590 1520 περ)
604 1441 728 1521 διόπτρας
744 1442 776 1511 (f.
794 1444 896 1500 fio-80.
913 1444 976 1520 82).

264 1542 417 1620 Scriptura
429 1538 507 1597 haud
522 1539 654 1615 elegans,
670 1538 720 1598 sed
739 1541 875 1617 antiqua,
889 1541 1038 1599 simillima
1051 1541 1078 1599 ei
1089 1559 1176 1618 quam
1192 1550 1346 1615 sequentes
1358 1536 1418 1594 duo
1432 1534 1548 1597 codices
1562 1534 1728 1592 ostendunt.
1746 1533 1863 1593 lueunti

263 1641 368 1700 saeculo
380 1638 495 1697 decimo
507 1637 553 1695 vel
564 1657 642 1696 nono
655 1641 771 1696 exeunti
786 1657 849 1696 eam
868 1638 995 1696 vindicat
1013 1637 1135 1696 Carolus
1151 1634 1288 1694 Wescber
1302 1633 1334 1691 in
1350 1636 1548 1708 Poliorce'tique
1563 1652 1591 1709 p.
1605 1629 1684 1702 xlx,
1707 1644 1862 1709 postquam

265 1737 301 1795 ad
308 1735 494 1795 undecimum
503 1733 640 1792 retulerat
646 1735 677 1792 in
683 1733 820 1809 Catalogo
828 1733 1128 1805 bibliothecae3llinas
1134 1732 1270 1791 saeculum
1277 1730 1481 1789 duodecimum
1489 1748 1646 1806 agnoscere
1652 1729 1709 1789 sibi
1720 1732 1864 1789 visusest.

262 1834 323 1910 ligo
338 1851 455 1910 quoque
469 1845 518 1889 aut
533 1831 688 1889 undecimo
700 1832 807 1889 saeculo
821 1843 871 1889 aut
881 1831 1056 1890 duodecimo
1069 1851 1187 1892 manum
1207 1831 1292 1890 istam
1308 1830 1503 1890 attribuerim.
1519 1830 1605 1888 Certe
1619 1842 1758 1907 quantum
1779 1848 1864 1888 meus

263 1948 310 1987 me
320 1927 464 1987 librorum
479 1946 550 1985 usus
564 1927 678 2000 docuit,
693 1946 788 2004 neque
803 1928 907 1985 ductus
923 1927 1072 1987 literarum
1084 1948 1179 2006 neque
1191 1929 1315 1987 interior
1324 1926 1429 1985 horum
1441 1927 1618 2005 scriptorum
1629 1927 1704 1985 ratio
1716 1925 1866 2004 ejusmodi

266 2039 350 2101 sunt,
362 2039 395 2084 ut
408 2025 445 2084 ad
459 2024 628 2103 antiquiora
642 2038 772 2103 tempora
785 2023 979 2103 probabiliter
998 2024 1102 2083 referri
1111 2023 1190 2083 'mibi
1202 2023 1365 2082 videantur.
1386 2023 1509 2082 Librum
1525 2023 1687 2082 Parisinum
1710 2043 1776 2082 cunt
1791 2023 1868 2082 Vin·

264 2121 431 2181 dobonensi
442 2122 509 2182 cod.
522 2141 567 2198 gr.
584 2141 640 2179 sao
653 2122 729 2197 (saec.
740 2120 816 2198 Xlll)
828 2118 969 2179 familiam
980 2122 1156 2179 constituere
1170 2120 1262 2178 altera
1272 2119 1400 2190 familia,
1411 2122 1493 2195 cujus
1506 2120 1614 2197 reliqui
1624 2119 1729 2179 horum
1739 2140 1866 2199 operum

265 2221 380 2281 codices
394 2233 483 2292 sunt,
500 2220 601 2281 multis
615 2219 786 2278 nominibus
798 2218 1032 2297 praestantiorem
1054 2216 1154 2275 docuit
1167 2216 1356 2288 Wesclrerus,
1372 2217 1423 2294 qui
1438 2235 1474 2274 ex
1497 2215 1688 2275 duobusillis
1710 2216 1797 2277 libris
1819 2220 1866 2277 in·

264 2329 376 2391 gentem
392 2315 423 2373 in
439 2315 576 2374 Athenaeo
592 2316 724 2374 lacunam
739 2315 885 2393 explevit,
901 2327 929 2372 et
945 2313 1023 2373 haud
1039 2334 1145 2392 paucas
1159 2313 1320 2373 verborum
1336 2313 1518 2391 corruptelas
1538 2314 1650 2372 codicis
1667 2315 1795 2374 Parisini
1809 2337 1868 2396 ope
1919 2280 1921 2371 ί

261 2412 389 2472 sustulit.
403 2410 483 2470 Idem
496 2424 592 2470 tamen
607 2411 682 2470 liber
701 2412 788 2470 etiam
804 2411 876 2470 vitia
887 2412 1033 2490 permulta
1045 2424 1106 2470 tum
1119 2412 1176 2471 sibi
1188 2412 1312 2490 propria
1325 2423 1386 2469 tum
1407 2428 1473 2469 curn
1494 2411 1598 2469 ceteris
1613 2410 1768 2470 codicibus
1782 2433 1864 2471 com-
1919 2382 1922 2469 l

264 2509 364 2567 munia
378 2508 481 2580 babet,
497 2529 622 2586 quorum
639 2498 749 2588 partem
766 2528 854 2568 manu
869 2510 929 2568 leni
941 2509 1115 2568 Wescberus
1132 2509 1263 2580 sanavit,
1279 2521 1374 2567 cetera
1393 2507 1465 2567 artis
1480 2508 1590 2567 criticae
1609 2509 1736 2568 medelas
1760 2528 1867 2590 exspe·

263 2618 341 2667 etant
355 2604 403 2685 (Ἴ.
1922 2646 1924 2669 7

1922 2688 1925 2781 l

723 2769 913 2818 atttstontttt
929 2770 968 2818 ΕΤ
980 2769 1185 2818 Pttltostttttt
1201 2769 1399 2817 Fttattttfrtta

303 2954 348 3015 Ex
362 2964 499 3029 sequente
513 2950 613 3010 codice
627 2970 677 3009 sex
690 2964 847 3029 supersunt
860 2951 1001 3033 folia181.
1016 2954 1063 3014 83.
1080 2954 1129 3020 84.
1144 2952 1193 3010 85.
1209 2952 1258 3012 86.
1283 2950 1342 3028 87).
1356 2949 1447 3009 lnitio
1463 2970 1553 3009 unum
1568 2952 1668 3011 saltem
1685 2953 1788 3012 folium
1811 2955 1865 3013 de·
1927 2994 1928 2997 =

263 3048 428 3128 perditum;
442 3047 637 3126 probabiliter
650 3067 721 3106 vero
736 3048 795 3106 duo
814 3048 885 3106 folia
900 3049 1110 3109 interciderunt
1123 3067 1188 3125 quae
1202 3068 1268 3107 cum
1282 3047 1406 3124 reliquis
1417 3065 1468 3105 sex
1482 3051 1700 3125 quaternionem
1715 3049 1862 3126 integrum

263 3145 383 3224 epleno
403 3145 555 3204 volumine
575 3145 710 3204 avulsum
729 3147 916 3207 constituere.
934 3146 1055 3205 Servata
1077 3147 1227 3204 continent
1247 3144 1438 3220 fragmentum
1459 3144 1655 3216 Aristodemi‚
1675 3146 1723 3203 cui
1742 3145 1861 3206 librarii
1926 3204 1928 3213 ,

263 3255 366 3321 stupor
380 3243 542 3317 fragmenta
562 3243 661 3319 operis
677 3241 862 3301 Philostratei
877 3244 922 3301 De
934 3243 1091 3321 Apollonio
1105 3241 1254 3320 Tyanensi
1269 3241 1447 3316 immiscuit,
1460 3242 1533 3301 adeo
1545 3257 1577 3301 ut
1591 3244 1639 3303 fol.
1652 3243 1688 3301 85
1702 3243 1758 3304 lin.
1780 3265 1813 3318 ¹7
1828 3247 1864 3306 in

264 3338 359 3396 aredio
376 3358 464 3396 versu
480 3337 574 3395 oratio
588 3337 625 3397 ab
638 3339 730 3397 altero
745 3339 781 3397 ad
796 3340 888 3397 altera
906 3353 1042 3400 transeat.
1058 3340 1270 3399 Animadversa
1291 3339 1478 3412 confusione,
1493 3339 1611 3418 quidam
1634 3339 1712 3398 notis
1725 3354 1755 3399 et
1769 3341 1864 3417 signis

263 3434 406 3515 appositis
417 3434 454 3492 de
472 3434 653 3492 restituendo
665 3435 850 3508 disjectarum
863 3437 1074 3513 particularum
1091 3435 1194 3494 ordine
1208 3455 1242 3494 ac
1256 3455 1334 3495 nexu
1348 3437 1488 3496 lectorem
1508 3437 1668 3496 admonuit
1683 3436 1776 3514 Origo
1797 3457 1870 3517 per·

260 3529 470 3589 turbationise
488 3529 591 3589 codice
604 3531 777 3610 repetenda,
793 3532 824 3589 in
838 3551 897 3609 quo
918 3529 1028 3607 justam
1055 3530 1194 3589 foliorum
1221 3531 1327 3590 seriem
1348 3533 1473 3592 solutam
1489 3553 1551 3593 esse
1565 3532 1662 3594 scriba
1685 3548 1784 3594 noster
1803 3555 1865 3595 non

263 3640 460 3706 perspexerat.
484 3625 607 3702 Singula
627 3628 689 3702 ejus
714 3628 826 3686 codicis
846 3625 1018 3703 πρωτοτίπαυ
1038 3628 1109 3686 folia
1132 3640 1173 3686 tot
1188 3628 1248 3687 fere
1267 3628 1359 3688 verba
1383 3630 1574 3691 continebant
1588 3645 1660 3709 quot
1673 3633 1864 3693 continentur

263 3724 425 3783 editionum
441 3722 664 3782 Didotianarum
672 3723 809 3783 versibus
825 3724 861 3797 75
878 3724 924 3782 vel
942 3724 991 3797 76.
1001 3723 1144 3784 Videlicet
1158 3723 1229 3783 libri
1240 3724 1414 3786 parisiensis
1430 3728 1499 3785 folio
1513 3729 1547 3786 81
1564 3727 1654 3789 habes
1665 3728 1778 3808 primos
1791 3728 1865 3789 Phi-

263 3818 377 3878 lostrati
393 3838 497 3878 versus
515 3820 551 3892 75
567 3818 606 3898 (p.
625 3841 651 3892 r,
669 3841 735 3878 ι-
751 3841 780 3899 p.
796 3841 824 3891 a,
838 3819 855 3877 5
870 3820 917 3878 ed.
936 3819 1016 3900 trid.)
1035 3834 1064 3880 et
1079 3823 1234 3898 deinceps,
1250 3823 1369 3882 omissis
1383 3823 1519 3883 versibus
1536 3832 1552 3893 4
1570 3836 1606 3891 ><
1619 3826 1656 3898 76
1672 3825 1714 3905 [p.
1727 3847 1756 3899 a,
1774 3827 1811 3884 35
1824 3861 1869 3874 -

262 3933 292 3991 p.
306 3914 331 3983 8,
348 3912 415 3993 23),
431 3914 505 3972 alios
521 3932 623 3973 versus
642 3914 677 3988 75
700 3916 740 3995 (p.
757 3916 787 3988 8,
801 3916 838 3973 23
854 3938 933 3993 -p.
953 3939 984 3994 9,
1006 3920 1064 3997 la).
1081 3918 1247 3997 Sequuntur
1262 3919 1313 3982 fol.
1333 3921 1370 3980 83
1392 3940 1437 3982 rs.
1453 3920 1504 3980 lin.
1530 3943 1541 3978 ι
1566 3941 1660 4000 usque
1682 3921 1719 3981 ad
1744 3924 1797 3985 fol.
1822 3926 1862 3983 85

263 4019 334 4069 rect.
345 4008 400 4067 lin.
415 4030 450 4083 ¹7
468 4010 645 4069 Aristoclemi
658 4031 761 4070 versus
777 4013 793 4070 3
808 4022 843 4077 ><
857 4014 894 4086 75
909 4014 949 4093 (p.
968 4036 995 4089 1,
1015 4035 1080 4074 1-
1092 4038 1138 4090 ιι,
1153 4018 1170 4075 8
1184 4018 1230 4078 etl.
1242 4017 1377 4099 nostru),
1394 4038 1468 4098 quos
1489 4021 1641 4101 excipiunt
1657 4021 1720 4098 (fol.
1737 4022 1775 4079 85
1791 4038 1866 4083 rect.

264 4103 321 4164 lin.
335 4125 368 4178 ¹7
380 4136 419 4151 —
429 4105 480 4166 fol.
493 4109 529 4165 86
543 4107 584 4184 ν.)
603 4107 773 4168 Philostrati
789 4128 892 4169 versus
910 4132 926 4169 a
944 4123 980 4177 ><
997 4113 1034 4186 75
1055 4112 1094 4195 (p.
1107 4134 1138 4186 a,
1152 4116 1189 4172 35
1202 4150 1242 4160 —
1254 4116 1284 4194 5,
1301 4119 1368 4193 at),
1385 4116 1493 4195 quibus
1507 4117 1631 4176 dimidia
1644 4137 1714 4198 pars
1732 4119 1866 4196 lacunae,

264 4219 327 4278 quae
341 4202 373 4260 in
387 4202 438 4259 fol.
454 4204 488 4260 81
507 4204 589 4275 latet,
603 4205 748 4283 expletur.
768 4206 890 4285 lleliqua
910 4209 1049 4287 deinceps
1066 4211 1104 4270 ad
1121 4210 1207 4270 finem
1222 4233 1313 4291 usque
1333 4214 1396 4273 folii
1412 4216 1448 4287 87
1471 4214 1649 4275 Aristodemi
1667 4228 1747 4276 sunt.

303 4297 383 4356 Idem
399 4299 460 4357 fere
474 4300 657 4377 singulorum
674 4302 812 4362 foliorum
828 4304 954 4366 ambitus
970 4320 1013 4367 est
1032 4309 1063 4366 in
1083 4304 1244 4369 Turinensi
1266 4312 1367 4371 codice
1387 4313 1553 4390 eclogarum
1570 4312 1630 4393 περὶ
1644 4315 1739 4395 ἀρετῆς
1754 4315 1800 4375 καί
1813 4339 1867 4376 κα·

263 4393 338 4466 κίας,
354 4406 386 4454 ut
399 4416 436 4455 ex
452 4398 621 4474 fragmentis
636 4400 704 4459 inde
725 4402 856 4480 repetitis
871 4405 902 4462 in
916 4402 1028 4482 Fragm.
1040 4404 1148 4467 llistor.
1163 4420 1232 4465 tom.
1246 4406 1300 4485 lll,
1320 4430 1352 4488 p.
1370 4417 1427 4488 409
1448 4422 1476 4470 et
1491 4410 1563 4469 alibi
1582 4412 1766 4489 intelligitur.
1781 4412 1868 4477 ldem

263 4511 352 4569 porro
363 4493 441 4551 valet
452 4495 489 4553 de
502 4495 603 4554 codice
617 4497 784 4574 eclogarum
804 4500 865 4580 περ)
882 4500 1041 4576 ἐπιὸουλῶν,
1053 4523 1091 4562 ex
1107 4524 1166 4582 quo
1187 4507 1219 4564 in
1233 4506 1375 4582 Hispania
1395 4527 1460 4567 saec.
1478 4506 1543 4569 XVl
1555 4507 1646 4567 codex
1669 4508 1867 4575 Soorialensis

262 4593 307 4659 tl,
323 4593 349 4662 1,
370 4613 401 4650 ιι
421 4592 584 4671 descriptus
598 4608 657 4669 est3
674 4616 740 4655 nam
760 4599 839 4676 quod
862 4599 904 4659 ibi
926 4600 958 4658 in
981 4599 1105 4660 mediam
1120 4602 1256 4681 Dionysii
1274 4604 1472 4664 narrationem
1487 4604 1650 4664 intruditur
1666 4604 1865 4683 fragmentum

262 4684 380 4765 Polybii
396 4689 434 4764 (v.
447 4688 494 4750 rr.
509 4689 582 4751 llist.
601 4704 671 4750 tom.
686 4691 726 4765 ll,
742 4714 772 4773 p.
789 4694 907 4778 xxvtt)
920 4718 937 4755 a
949 4707 986 4763 ><
999 4719 1035 4772 77
1047 4718 1151 4759 versus
1164 4698 1338 4761 Didotianos
1349 4700 1447 4780 explet
1457 4714 1486 4759 et
1498 4703 1529 4760 in
1543 4713 1701 4781 prototypo
1716 4702 1775 4761 duo
1791 4703 1866 4767 folia

263 4782 327 4842 loco
341 4805 395 4843 suo
410 4799 488 4845 mota
504 4788 698 4866 complevisse
712 4790 838 4850 ridetur.

303 4879 345 4938 Ex
359 4883 405 4941 bis
419 4896 514 4942 autem
531 4885 618 4944 libris
643 4906 732 4964 quum
753 4889 933 4950 clarissimus
957 4891 1009 4951 ille
1026 4891 1219 4953 Turonensis
1232 4895 1303 4954 olirn
1322 4895 1507 4955 bibtiothecae
1524 4896 1708 4956 Constantini
1726 4897 1864 4979 Porphy-
1888 4940 1891 4947 ·

264 4979 389 5052 rogeniti
411 4981 500 5040 fuisse
519 4983 593 5041 baud
607 4986 753 5045 immerito
769 5000 930 5061 censeatur,
946 4989 1023 5049 idem
1039 4990 1159 5051 fortasse
1171 4996 1305 5053 statueris
1314 4995 1350 5053 de
1361 5007 1518 5072 prototypo
1528 4995 1638 5054 codicis
1649 4994 1863 5059 Escofidensis

265 5124 1857 5165 ——·———-—-——1'——-—.-———-—-.-

294 5216 328 5278 (*)
341 5218 368 5267 tn
381 5217 490 5268 attonat
498 5219 578 5271 libello
590 5224 774 5287 corruptissimo
786 5228 900 5279 nonnulla
915 5229 1045 5283 emendare
1057 5230 1143 5282 studui
1155 5231 1179 5281 ln
1195 5232 1339 5295 Gtelttnger
1348 5228 1465 5297 oeleltrte
1481 5233 1616 5299 Anniaca.
1632 5237 1700 5297 teau,
1715 5247 1740 5299 p.
1752 5236 1810 5288 td.
