3890 6044
244 468 296 549 ιιι]
943 468 1140 533 ιοοειιιιι.

242 606 380 680 ήτοιμάκεε
401 599 571 683 παρασκευὴν
587 601 653 683 πρδς
672 598 731 667 τσδς
753 601 971 680 ἀπομαχομένους
993 603 1024 660 ίκ
1042 602 1094 660 τῶν
1113 599 1222 660 πλοίων.
1239 599 1312 667 Ἕως
1342 600 1521 681 ἀνδρομήκους
1545 599 1626 683 ύῴους
1653 597 1833 662 κατιπύκνωσι

242 700 362 780 τρύχουσι
380 697 411 756 τδ
430 699 515 777 τεῖχος
533 698 568 764 ῶς
597 696 793 763 παλαιστιαίοις
820 696 851 757 τὸ
873 696 978 774 μέγεθος
1000 696 1068 757 κατδι
1092 698 1141 769 τήν
1167 697 1241 765 ἐκτθς
1260 697 1433 781 ἐπιφάνειαν·
1454 689 1492 766 οἷς
1509 697 1616 767 τοξότας
1633 695 1680 757 καί
1697 694 1833 777 σκορπίδια
1920 706 1921 711 ’

241 795 419 873 παραστήσας
431 791 505 863 ini<
516 800 562 854 τοῦ
576 793 677 875 τείχους
695 793 740 853 καλ
757 792 860 872 βάλλων
877 793 920 853 διά
934 792 1050 865 τούτων,
1061 791 1208 874 ἀχρήστους
1222 792 1304 854 ἐποίει
1326 793 1386 862 τοῦς
1398 792 1536 861 ἐπιόάτας.
1553 793 1601 863 Ἐξ
1618 782 1648 853 οδ
1665 792 1711 852 καί
1731 792 1829 870 μακρόν

241 887 394 965 ἀφεστῶτας
409 884 457 944 καί
475 883 600 963 σύνεγγυς
622 883 700 951 ἀντας
721 881 781 951 τοθς
803 881 944 959 πολεμίους
958 883 988 940 οῦ
1005 882 1083 959 μόνον
1098 881 1247 962 ἀπράκτους
1266 881 1447 963 παρεσκεύαζε
1465 881 1529 961 πρδς
1544 881 1590 948 τάς
1605 881 1673 946 ίδίας
1694 878 1830 951 ἐπεύολθς,
1920 938 1921 945 ,

202 1124 206 1131 ,
240 1074 344 1136 δλοντδ
357 1076 445 1156 τεῖχος
462 1077 604 1155 ἡτοιμάκιι
622 1077 667 1137 τόν
684 1077 735 1152 μὲν
747 1075 842 1136 λειιδν
854 1075 948 1157 χρόνον
964 1077 1070 1158 ἀφανῆ,
1088 1073 1157 1134 κατά
1176 1075 1204 1135 δέ
1223 1074 1267 1135 τὸν
1281 1078 1328 1148 τῆς
1347 1075 1438 1156 χρείας
1453 1074 1544 1156 καιρδν
1566 1077 1597 1135 ἐκ
1613 1077 1665 1132 τῶν
1681 1071 1734 1132 ἔσω
1751 1076 1833 1153 μερῶν

242 1171 308 1252 ῦπέρ
318 1177 365 1234 τοῦ
374 1174 477 1253 τείχους
489 1174 651 1249 ἀνιστάμενα
664 1173 715 1233 καί
728 1172 916 1254 πρσπίατσαι
928 1171 996 1232 πελῶ
1014 1176 1064 1245 τῆς
1080 1169 1212 1240 ἀπάλξιως
1231 1180 1289 1240 ταῖς
1308 1173 1440 1252 κεραίαις,
1456 1163 1493 1231 ῶν
1513 1170 1571 1230 τινά
1588 1168 1635 1249 μέν
1649 1167 1778 1238 ἐόάσταζι
1795 1168 1835 1227 λί·

241 1273 302 1337 θοιις
313 1270 362 1329 οῦκ
371 1269 496 1338 ἀλύπους
509 1269 576 1329 δίκα
595 1271 749 1343 ταλάντων,
758 1269 820 1329 τινά
837 1268 865 1329 δί
883 1269 1033 1349 σηκόνματα
1049 1268 1208 1350 μολάδδινα.
1224 1269 1272 1350 (ιε)
1285 1269 1384 1332 Λοιπὸν
1403 1271 1446 1331 ότι
1461 1267 1633 1349 συνεγγίζοιεν
1650 1269 1678 1327 αί
1692 1266 1832 1345 σαμόῦκας

241 1366 302 1427 τότε
316 1366 506 1447 περιαγόμεναι
524 1367 664 1447 καρχησίῳ
684 1369 750 1448 πρὸς
769 1368 800 1428 τδ
814 1367 873 1427 δίον
884 1371 913 1427 αί
925 1379 1048 1450 κεραῖαι,
1067 1370 1114 1429 διά
1128 1391 1199 1437 τινες
1210 1368 1380 1450 εχααιηρίας
1397 1367 1507 1450 ἠφίεσαν
1531 1367 1570 1433 τίς
1586 1363 1616 1425 εδ
1632 1361 1837 1435 κατασκεύασμα

240 1459 285 1520 τάν
308 1460 389 1524 λίθον.
432 1461 478 1531 Ἐξ
494 1454 526 1524 oi
546 1461 681 1522 συνίόαινε
696 1461 733 1539 μή
755 1463 831 1541 μόνον
853 1463 917 1523 αύτδ
938 1464 1126 1544 ωινθραόεσθαε
1145 1464 1176 1524 τδ
1188 1461 1400 1544 όργιεαν,ἀλλά
1411 1461 1457 1522 καλ
1469 1461 1517 1533 τήν
1530 1466 1594 1520 ναῦν
1609 1457 1762 1528 καλτσύςέν
1777 1459 1837 1531 αύτῆ

240 1559 397 1620 κινδυνεύειν
412 1562 570 1642 ὁλοσχερῶς.

283 1676 320 1721 ει.
342 1659 368 1717 Τ
370 1657 411 1718 ινδι
423 1656 451 1717 δὲ
463 1661 515 1716 τῶν
530 1657 731 1738 μηχανημάτων
745 1658 825 1717 πάλιν
839 1658 882 1719 ἐπί
903 1658 962 1726 τοὺς
983 1662 1159 1740 ἐφορμοῦντες
1176 1658 1222 1716 καί
1240 1654 1475 1736 προότόλημίνσνς
1494 1652 1579 1735 γάρρι
1603 1651 1648 1713 καλ
1674 1649 1720 1711 διδ
1744 1649 1837 1710 τούτων

103 970 120 989 ”
241 977 310 1037 ἀλλά
324 977 370 1037 καλ
389 978 516 1059 διέφθειρε
538 978 599 1049 τεθς
619 979 759 1046 πλείστους
778 980 872 1040 αιἰιῶν.
888 974 1012 1059 ]1ι)’οτε
1033 977 1061 1038 δὲ
1080 977 1128 1046 τάς
1148 976 1290 1054 σαμόύκας
1310 979 1490 1071 ἐγχειρήσαιεν
1509 976 1633 1057 ἐξαίρειν,
1653 976 1752 1056 όργανα
1773 995 1834 1054 παρ’
1920 1036 1921 1041 ,

134 1818 137 1825 ,
241 1755 451 1836 ήσφαλισμίνους
470 1754 535 1835 πρὸς
550 1754 581 1813 τὸ
603 1754 685 1832 μηδὲν
701 1756 815 1837 πάσχειν
829 1757 880 1817 ini
899 1759 949 1815 τῶν
971 1755 1014 1815 δεδι
1035 1760 1081 1814 τοῦ
1102 1753 1206 1834 τείχους
1224 1752 1373 1834 φερομένων
1393 1754 1495 1832 βελῶν,
1515 1750 1590 1833 ἠφίει
1610 1750 1662 1830 pi»
1683 1749 1732 1811 καί
1758 1749 1838 1816 λίθους
1920 1767 1921 1771 ’

240 1850 405 1929 συμμίτροιις
415 1851 479 1930 πρδς
494 1850 523 1910 τδ
535 1852 637 1933 φεύγειν
649 1854 680 1911 ἐκ
695 1856 741 1925 τῆς
761 1851 868 1933 πρῴρας
887 1851 947 1924 τοὺς
962 1850 1180 1931 ἀγωνιζομίνους,
1198 1847 1256 1927 άμα
1275 1848 1303 1907 δέ
1325 1849 1370 1908 καλ
1389 1849 1475 1908 καθίει
1502 1856 1580 1928 χεῖρα
1604 1847 1719 1928 σιδηρῑν
1735 1845 1762 1916 ἃ
1778 1846 1838 1907 ἀλύ·
1919 1866 1921 1873 “

242 1971 309 2016 σεως
319 1947 474 2024 δεδεμένην,
488 1941 676 2029 ᾔδραξάμενσς
687 1950 701 2007 ὁ
714 1947 761 2019 τὴν
775 1950 883 2029 κεραίαν
903 1947 1023 2016 οἰακίζων
1041 1945 1098 2005 ὅθεν
1111 1944 1262 2005 ἐπιλάθοιτο
1278 1947 1325 2015 τῆς
1349 1941 1470 2025 πρῴρας,
1486 1948 1586 2022 κατῆγε
1599 1942 1649 2014 τήν
1662 1943 1779 2023 πτίρναν
1797 1946 1843 2015 τῆς
1920 1966 1921 1969 ’

242 2047 364 2124 μηχανῆς
385 2042 455 2110 ἐντὸς
471 2049 517 2103 τοῦ
536 2044 647 2124 τείχους.
671 2042 720 2124 (ιο)
737 2042 805 2105 Ὅτε
824 2045 852 2104 ei
870 2043 997 2125 κουφίζων
1017 2045 1064 2113 τήν
1084 2039 1192 2122 πρῴραν
1207 2039 1281 2120 όρθθν
1294 2040 1411 2111 ποιήσειε
1426 2040 1457 2098 τὸ
1472 2040 1571 2123 σκάφος
1590 2038 1634 2100 ἐπ]
1645 2039 1785 2120 πρύμναν,
1797 2039 1840 2107 ιάς
1920 2082 1921 2085 ¹

243 2138 291 2219 μίν
305 2138 418 2220 πτέρνας
430 2143 486 2198 τῶν
494 2140 611 2219 όργάνων
627 2142 662 2206 εἰς
679 2140 800 2213 ἀκίνητον
811 2144 945 2214 καθῆπτε,
958 2139 1007 2212 τήν
1021 2138 1048 2198 δέ
1064 2146 1144 2219 χεῖρα
1159 2136 1205 2196 καὶ
1222 2136 1269 2208 τήν
1284 2139 1372 2197 ἀλυσιν
1393 2141 1424 2197 ἐκ
1443 2141 1490 2210 τῆς
1513 2140 1634 2218 μηχανῆς
1656 2135 1786 2218 ἐίίρραινε
1800 2135 1839 2194 διά
1920 2162 1921 2167 ’

240 2258 308 2303 τινος
321 2234 496 2317 σχαστηρίας.
509 2226 551 2297 Οθ
565 2237 721 2314 γενομίνου,
733 2235 791 2294 τινά
811 2235 858 2314 μίν
870 2240 923 2296 τῶν
936 2235 1034 2301 πλοίων
1049 2232 1150 2312 πλάγια
1164 2232 1326 2306 κατόπιπτε,
1341 2231 1400 2292 τινδι
1420 2231 1448 2292 δέ
1471 2233 1517 2293 καί
1536 2232 1745 2315 κατεστρίφετο,
1765 2232 1798 2293 τά
1813 2232 1838 2292 δέ

241 2334 352 2392 πλεῖστα
363 2335 411 2404 τῆς
425 2331 532 2414 πρῴρας
546 2332 590 2412 ἀφ’
604 2332 683 2414 ὕψους
698 2333 830 2415 βιφθείσης
842 2331 1021 2412 βαπτιζόμενα
1035 2329 1124 2409 πλήρη
1138 2328 1269 2402 θαλάττης
1284 2328 1399 2408 ἐγίγνετο
1412 2328 1457 2388 καλ
1470 2332 1598 2411 ταραχῆς.

871 2528 969 2585 Αιιοιι.
987 2538 1017 2583 et
1035 2523 1106 2582 Exc.
1122 2523 1224 2602 Antiq.

282 2728 319 2771 ῐσ.
343 2709 452 2791 Μάρκος
465 2711 511 2784 δέ,
526 2709 766 2789 δυσχρηστούμενος
780 2709 823 2770 ἐπ]
841 2709 894 2777 τοῖς
914 2705 1110 2789 άπαντωμίνοις
1132 2709 1177 2765 ὑπ’
1190 2705 1377 2784 Ἀρχιμήδους,
1397 2703 1443 2765 καί
1465 2706 1570 2784 θεωρῶν
1589 2703 1656 2781 μετά
1677 2705 1778 2784 βλάόης
1796 2711 1838 2764 καί
1920 2680 1921 2683 3

241 2806 393 2883 χλευασμοῦ
406 2805 464 2871 τοὺς
479 2804 550 2865 ἐνδον
566 2805 785 2885 ἀποτριόομίνους
805 2809 884 2864 αὑτοῦ
903 2804 950 2872 τάς
968 2803 1106 2876 ἐπιόολάς,
1122 2805 1255 2884 δυσχερῶς
1274 2802 1321 2879 μὲν
1340 2802 1415 2883 ἔφερε
1429 2801 1459 2861 τό
1477 2801 1639 2879 συμόαῖνον,
1653 2802 1728 2879 ὅμως
1749 2804 1772 2862 δ’
1784 2804 1838 2861 ἀπι-

241 2900 370 2961 σκιίνπτων
382 2901 429 2969 τάς
442 2905 521 2961 αύτοῦ
535 2901 639 2983 πράξεις
654 2900 704 2984 ἐφη
718 2904 774 2970 ταῖς
787 2902 835 2980 μὲν
846 2902 937 2962 ναυσὶν
952 2904 1032 2962 αὐτοῦ
1045 2900 1174 2970 κυαθίζειν
1184 2902 1215 2959 ἐκ
1224 2901 1355 2971 θαλάττης
1370 2898 1529 2979 Ἀρχιμήδη,
1542 2897 1588 2965 τάς
1602 2899 1629 2958 δὲ
1645 2898 1781 2976 σαμόύκας
1794 2902 1841 2979 βα-

241 2996 382 3074 πιζομόνας
399 2996 489 3081 ὥσπερ
504 2999 658 3066 ἐκσπόνδους
678 3002 735 3077 μετ’
749 2999 877 3080 αἰσχύνης
894 2997 1100 3059 ἐκπεπτωκέναι.
1119 2997 1173 3057 Καὶ
1189 2999 1236 3067 τῆς
1256 2994 1303 3072 μέν
1325 2994 1395 3055 κατά
1409 2995 1541 3055 θάλατταν
1555 2994 1708 3076 πολιορκίας
1729 3001 1839 3056 τοιοῦτον
1920 3068 1921 3071 ,

243 3092 331 3154 άπίόι·
367 3095 375 3113 “
472 3141 480 3157 .

282 3117 381 3252 τηιίλί
395 3094 442 3250 gin
440 3118 502 3272 1:9¹1
520 3193 564 3252 τὸν
579 3191 692 3253 Ἄππιον
715 3194 751 3261 είς
766 3191 967 3274 παραπλησίους
988 3189 1144 3269 ἐμπεσόντες
1163 3189 1315 3270 δυσχερείας
1333 3189 1485 3261 ἀπέστησαν
1504 3192 1552 3261 τῆς
1566 3187 1697 3260 ἐπιόολῆς,
1710 3187 1771 3249 Ἔτι
1793 3184 1838 3263 μὲν

242 3287 294 3391 γάρ
308 3285 379 3352 όντες
393 3289 419 3345 ἐν
434 3285 604 3362 ἀποστήμασι
625 3296 679 3354 τοῖς
699 3311 728 3346 τε
748 3288 914 3368 πετροόόλοις
930 3290 975 3349 καὶ
997 3286 1174 3354 καταπίλταις
1196 3286 1354 3362 τυπτόμενοι
1375 3286 1562 3367 διεφθείροντο,
1585 3284 1630 3346 διά
1651 3283 1681 3345 τό
1699 3282 1839 3361 θαυμάσιον

242 3373 370 3453 εἶναιτὴν
386 3386 438 3441 τῶν
453 3385 536 3465 βελῶν
550 3381 716 3455 κατασκιυὴν
730 3383 776 3442 καί
796 3385 864 3443 κατὰ
883 3385 913 3444 τὸ
927 3388 1023 3457 πλῆθος
1040 3383 1084 3443 καλ
1098 3383 1167 3443 κατά
1180 3383 1227 3455 τήν
1250 3381 1391 3462 ἐνάργειαν,
1412 3387 1448 3450 ὡς
1470 3381 1501 3441 ἀν
1523 3381 1640 3461 Ἱέρωνος
1660 3379 1707 3461 μίν
1729 3384 1840 3461 χορηγοῦ

242 3475 394 3557 γεγονότος,
418 3476 601 3565 ἀρχιτίκτονος
623 3478 650 3538 δέ
667 3478 713 3539 καλ
728 3480 886 3559 δημιουργοῦ
900 3484 952 3539 τῶν
973 3480 1156 3559 ἐπινοημάτων
1170 3479 1354 3560 Ἀρχιμήδους.
1370 3481 1416 3562 (ιε)
1432 3479 1631 3561 Συνεγγίζοντίς
1650 3501 1681 3557 γφ
1707 3479 1761 3556 μὴν
1779 3475 1841 3559 πρὸς
1920 3558 1921 3561 ,

241 3572 290 3646 τήν
304 3572 380 3632 πόλιν
401 3575 426 3633 οί
456 3572 503 3657 γεέν
529 3578 586 3642 ταῖς
605 3574 648 3634 δεδι
668 3578 714 3635 τοῦ
734 3574 836 3655 τείχους
852 3575 990 3652 τσξότισιν,
1010 3581 1046 3645 ῶς
1066 3576 1154 3637 ἐπάνω
1183 3586 1325 3656 προεῖπον,
1345 3576 1502 3656 κακούμενοι
1525 3579 1639 3657 συνεχῶς
1657 3574 1774 3658 είργσντσ
1796 3577 1840 3645 τῆς

243 3670 387 3753 προσόδου,
403 3674 426 3731 οί
439 3669 467 3733 δέ
480 3673 547 3748 μετὰ
564 3674 617 3732 τῶν
630 3671 731 3754 γίρρων
747 3673 896 3753 βιαζόμενοι
908 3675 965 3742 ταῖς
975 3677 1026 3737 τῶν
1044 3671 1114 3735 κατά
1128 3672 1243 3756 κορυφήν
1257 3673 1336 3734 λίθων
1355 3673 1401 3734 καί
1418 3675 1501 3733 δοκῶν
1516 3671 1642 3751 ἐμόσλαῑς
1661 3670 1840 3754 διεφθείροντο.

243 3769 302 3830 Οὔκ
313 3768 390 3847 όλίγα
408 3767 436 3828 δέ
454 3767 501 3829 καί
514 3769 571 3837 ταῖς
588 3769 664 3850 χερσί
678 3778 735 3838 ταῖς
750 3772 781 3829 ἐκ
793 3774 846 3830 τῶν
867 3775 993 3852 μηχανῶν
1008 3771 1194 3849 ἐκακοποίουν,
1209 3775 1244 3839 ῶς
1262 3770 1308 3830 κοιλ
1322 3770 1453 3851 πρότερον
1475 3759 1553 3830 εἶπα·
1564 3768 1611 3830 σύν
1628 3773 1715 3839 αὐτοῖς
1728 3768 1777 3850 γδρ
1793 3769 1842 3833 τοῖς

243 3864 331 3930 δπλοις
351 3864 410 3933 τοῦς
431 3866 525 3946 ἀνδρας
548 3866 689 3946 ἐξαίροντες
708 3868 857 3949 ἐρρίπτουν.
874 3867 968 3948 (19]Τδ
982 3869 1009 3931 ii
1020 3870 1101 3950 πίρας
1113 3868 1331 3949 ἀναχωρήσαντες
1344 3870 1380 3936 είς
1393 3866 1440 3940 τήν
1453 3867 1641 3950 παριμόολὴν,
1652 3867 1697 3926 καί
1711 3862 1843 3946 συνεδρεύ-

243 3976 335 4021 σαντες
348 3953 415 4030 μετδι
430 3956 481 4015 τῶν
500 3955 647 4035 χιλιάρχων
665 3959 689 4019 σί
703 3956 765 4038 περὶ
779 3956 823 4017 τδν
836 3955 966 4031 Ἄππιον,
982 3957 1147 4036 δμοθυμαδδν
1166 3956 1353 4016 ἐόουλιύσαντο
1367 3955 1454 4030 πάσης
1468 3956 1572 4024 ἐλπίδος
1593 3960 1686 4036 πεῖραν
1701 3953 1842 4035 λαμβάνειν
1920 4006 1921 4015 ,

137 4058 140 4063 ’
244 4047 315 4121 πλήν
330 4054 376 4111 τοῦ
394 4051 437 4110 δεδι
450 4051 689 4131 πολιορκίαςίλιῑν
703 4052 749 4122 τάς
763 4054 950 4134 Συρακούσας,
963 4058 999 4122 ὡς
1012 4053 1058 4115 καλ
1076 4052 1149 4121 τύλος
1166 4053 1305 4126 ἐποίησαν·
1318 4051 1389 4113 δκτιλι
1403 4052 1454 4135 γάρ
1475 4057 1559 4131 μῆνας
1580 4057 1613 4128 τῇ
1631 4052 1706 4113 πόλει
1726 4074 1840 4133 προσκα·
1920 4094 1921 4099 ,

244 4145 376 4220 θεζόμενσι
389 4149 441 4205 τῶν
457 4147 504 4223 μὲν
517 4147 604 4206 ἀλλων
614 4150 842 4230 στρατηγημάτων
852 4149 870 4223 ἢ
879 4151 1057 4230 τολμημάτων
1068 4149 1171 4219 σῦδενδς
1183 4151 1351 4229 ἀπίστησαν,
1363 4156 1410 4210 τοῦ
1421 4150 1448 4210 δέ
1460 4153 1607 4232 πολιορκεῖν
1617 4148 1742 4210 οῦδέποτε
1752 4157 1841 4229 πεῖραν
1920 4188 1921 4221 ,

243 4238 283 4300 ἐτι
299 4240 389 4301 λαόεῖν
404 4242 559 4325 ἐθάρρησαν.
574 4245 667 4319 Ούτως
680 4239 716 4315 εἷς
729 4250 796 4329 ἀνὴρ
807 4250 853 4309 καλ
871 4247 920 4328 μία
933 4247 1006 4330 ψυχν]
1021 4247 1129 4316 δεόντως
1149 4248 1303 4329 ἡρμοσμίνη
1321 4247 1385 4329 πρὸς
1399 4247 1453 4308 ἔνιοι
1474 4250 1527 4306 τῶν
1543 4246 1708 4327 πραγμάτων
1731 4247 1799 4325 μίγα
1817 4265 1841 4301 τι

243 4340 336 4419 χρῆμα
351 4338 471 4418 φαίνεται
487 4343 620 4420 γίγνεσθαι
636 4344 681 4405 καλ
700 4346 856 4423 θαυμάσιον.

246 4454 1840 4481 *mm—‘-
1920 4456 1921 4483 3

243 4504 309 4556 hunc
321 4509 465 4572 λιιοιιγιιιυο
476 4508 577 4574 respicit
586 4511 661 4563 οίὶειιι
676 4524 732 4575 pag.
747 4515 800 4574 319,
815 4516 848 4563 θα
862 4512 931 4565 ’nni
940 4514 981 4563 καί
991 4513 1104 4572 τοξίτιδας
1120 4520 1210 4578 πυκνὰς
1224 4523 1406 4581 κατασκευάζειν
1417 4522 1472 4587 (δεῖ)
1526 4523 1556 4571 δι’
1566 4523 1599 4581 ὧν
1617 4524 1656 4571 καὶ
1672 4523 1759 4585 μᾶλλον
1772 4523 1786 4570 ί
1799 4532 1840 4569 σο·
1920 4508 1921 4575 3

242 4578 348 4640 φῶτατσς
357 4577 500 4641 ,Ἀρχιμήδης
520 4582 663 4644 περιεγίνετο
678 4587 726 4632 τῶν
749 4582 996 4646 πσλεμίων,τοίότισι
1018 4588 1209 4647 καταπυκνώσας
1225 4594 1253 4642 τό
1271 4598 1351 4661 τεῖχος
1367 4594 1408 4642 καί
1427 4593 1521 4656 ἀφανῶς
1541 4593 1572 4641 δι’
1588 4592 1666 4641 αὐτῶν
1681 4592 1840 4655 τραυματίίων
1920 4586 1921 4651 3

243 4649 311 4713 μέχρι
323 4658 364 4713 τῆς
383 4654 476 4712 στερεᾶς
490 4657 531 4712 γῆς
547 4652 601 4709 τοὺς
611 4653 792 4714 πολιορκοῦντας
803 4655 848 4704 ίιπθ
860 4659 907 4704 τῶν
927 4655 951 4705 ίν
965 4660 1016 4712 ταῖς
1031 4656 1133 4713 τοίότισι
1148 4662 1294 4724 καθημένων.
1313 4665 1332 4712 E
1346 4662 1446 4725 Polybio
1465 4663 1543 4726 petita
1556 4661 1673 4712 videniur
1691 4662 1768 4711 eiinm
1788 4671 1840 4724 ηυντ
1920 4660 1921 4663 ’

243 4719 354 4779 ΡΝΧῙΙὩΘ
367 4718 516 4770 θθῑθθθθθῐὶθ
533 4741 539 4770 ²
554 4722 602 4779 Τᾶί
622 4722 648 4772 δὲ
666 4724 817 4787 Συρακούσας
831 4725 870 4773 διὰ
887 4728 936 4776 τῶν
952 4724 1077 4789 ὑπονόμων
1092 4727 1163 4789 ἐγγὺς
1180 4731 1254 4782 ἐλθεῖν
1270 4737 1313 4782 τοῦ
1324 4731 1461 4796 προδοθῆναί
1473 4749 1542 4794 φασι,
1555 4737 1603 4782 τῶν
1613 4731 1745 4794 προδόντων
1758 4729 1790 4778 τά
1802 4733 1841 4783 tn

243 4789 333 4848 πόλεως
341 4791 381 4842 διὰ
395 4796 443 4839 τῶν
453 4788 599 4857 [ὑπονόμων]
614 4794 758 4856 ὁμιλούντων
771 4799 819 4851 τοῖς
830 4796 967 4860 Ῥωμαίοις.
980 4795 1103 4847 Fortassis
1113 4796 1168 4848 hoec
1178 4803 1302 4864 pertinent
1317 4802 1349 4853 υιλ
1365 4815 1394 4853 εν
1411 4813 1467 4866 qnae
1479 4804 1563 4851 nami
1577 4794 1662 4852 Livius
1677 4805 1715 4860 25,
1733 4802 1763 4849 28
1779 4797 1840 4857 inii..
1920 4780 1921 4867 3

243 4871 391 4924 quamquam
407 4860 577 4913 cunimlorum
596 4862 630 4912 ini
646 4876 695 4913 nnn
708 4863 737 4913 nt
747 4866 848 4916 mentio.
862 4866 872 4932 33
885 4891 917 4903 -
928 4865 1076 4930 ἀφεστῶτας]
1088 4867 1189 4927 ἀπόντας
1200 4871 1255 4922 nod.
1265 4873 1322 4923 Par.
1336 4872 1346 4936 33
1360 4900 1388 4910 -
1399 4870 1414 4935 §
1432 4874 1470 4920 12.
1487 4869 1594 4935 ἐξαίρειν]
1617 4870 1714 4931 ίξαιρείν
1731 4865 1839 4923 wesen,
1920 4894 1921 4897 =

243 4927 301 4980 fort.
311 4943 392 4981 οτιστο
405 4933 500 4996 typogr.
512 4930 523 4996 33
536 4960 563 4970 -
575 4935 634 4998 ὑπὲρ
648 4939 690 4984 τοῦ
703 4934 805 5001 τείχους]
816 4937 854 4986 ini
863 4953 884 4985 ε.
893 4952 916 4986 ε.
927 4934 983 4986 συθ.
994 4937 1059 4997 Ρει.;
1074 4937 1171 4989 tellone
1183 4953 1265 5007 ειιρεα
1277 4954 1386 4992 murum
1399 4943 1529 4993 eminente
1540 4940 1632 4990 Livius.
1643 4939 1654 5003 33
1666 4935 1840 5003 -σιικείμαιή
1920 4988 1921 4993 ,

243 5016 354 5051 σιωνατα
369 5004 435 5063 Par„
447 5003 532 5054 addito
546 5004 616 5068 siguo
627 5004 799 5070 corruptionis.
813 5006 823 5070 33
837 5006 889 5069 *ί
902 5010 938 5057 13.
951 5008 1085 5073 καρχησίῳ]
1094 5024 1145 5061 om.
1158 5013 1213 5062 Par.
1225 5014 1236 5077 33
1247 5039 1279 5050 -
1287 5011 1397 5077 ἠφίεσαν]
1414 5010 1450 5061 εἰσ
1470 5011 1535 5069 Par..
1554 5010 1652 5073 ἀρίεσαν
1672 5008 1841 5060 σοίι.1,ἰοσίιιί
1920 5008 1921 5077 j

244 5073 384 5134 uirumque.
398 5077 452 5122 Μσιι
465 5073 481 5135 §
494 5079 521 5125 14
531 5074 606 5126 habes
615 5077 676 5138 ἠφίει
689 5076 699 5142 33
711 5104 741 5115 -
757 5076 934 5141 συνθραύεοθαι]
952 5080 1076 5141 θραύεσθαι
1092 5084 1149 5133 Ραι.
1160 5084 1170 5147 33
1181 5110 1214 5121 -
1225 5084 1240 5149 §
1253 5088 1290 5134 14.
1301 5083 1354 5133 τινὰ
1363 5082 1398 5146 n]
1407 5080 1460 5131 τινά
1473 5096 1498 5132 τε
1508 5079 1590 5141 συθείς
1603 5078 1773 5131 em.1)indori.
1786 5079 1797 5143 33
1812 5107 1840 5120 -

246 5140 413 5206 ἐφορμοῦντες]
424 5145 573 5207 ἐφορμῶντας
586 5146 668 5208 nodd.;
681 5162 728 5199 αιιι.
741 5147 852 5198 Dindori.
863 5146 875 5211 33
885 5173 917 5184 -
928 5149 975 5198 ὑπὸ
987 5154 1035 5198 τῶν
1045 5152 1083 5201 διὰ
1094 5159 1136 5203 τοῦ
1145 5153 1247 5217 τείχους]
1255 5155 1302 5204 ἀπὸ
1314 5158 1362 5204 τῶν
1374 5153 1449 5203 ἐκτοῦ
1458 5167 1480 5199 τ.
1493 5149 1571 5201 Ρυτίσ.
1581 5151 1724 5215 Praeposiiio
1735 5151 1774 5200 διὰ
1782 5149 1840 5199 θωνα

244 5210 326 5265 hibet.
337 5211 402 5275 (δίς
416 5219 452 5264 18.
466 5216 476 5278 33
493 5242 525 5254 -
534 5216 639 5281 πρῴρας]
650 5220 729 5282 χώρας
740 5220 796 5268 Par.
807 5218 875 5269 idem
885 5231 943 5268 mox
961 5221 1028 5284 χέρα.
1042 5221 1053 5285 ΙΙ
1064 5250 1096 5259 -
1107 5225 1146 5274 ἐπί
1158 5224 1274 5290 πρύμναν]
1284 5226 1322 5275 ἐπὶ
1331 5219 1372 5283 τήν
1385 5224 1492 5286 πρύμναν
1503 5233 1552 5273 scr.
1566 5219 1679 5271 nindorr.
1700 5223 1726 5271 ln
1742 5219 1789 5269 hoc
1803 5218 1838 5269 lo·

245 5280 337 5346 quendi
353 5282 457 5333 formula
467 5288 534 5337 τεσίε
543 5287 668 5338 omittitur
682 5287 810 5341 οτίίσυίιιε.
820 5288 857 5338 ci.
871 5287 1000 5340 Plutarch.
1011 5292 1119 5345 Marcell.
1133 5307 1156 5345 σ.
1172 5300 1200 5345 15
1212 5310 1219 5345 :
1231 5296 1272 5353 τὰς
1284 5295 1309 5344 n
1322 5293 1390 5355 χερσί
1405 5292 1510 5351 σιδηραῖς
1569 5293 1711 5342 ἀνασπῶσαι
1722 5290 1839 5353 “iniisti
