3890 6044
222 464 227 473 “
251 472 292 552 ,q
893 469 1191 531 PROLEGOMENA.

252 600 345 664 tertiae
358 601 418 682 περὶ
432 600 575 682 ἱερωσύνης
589 602 629 682 (p.
642 610 709 679 apd.
727 603 816 660 12-52
829 601 876 659 ed.
888 601 1022 679 Diihner)
1035 616 1064 661 et
1078 602 1229 661 dimidiam
1242 600 1302 659 lere
1318 611 1428 677 partem
1444 599 1587 657 orationis
1599 611 1710 676 quartas
1726 599 1765 677 (p.
1781 596 1855 673 295,
1935 590 1936 629 ί

255 720 321 759 1·-
331 704 401 773 302,
413 721 448 758 aa
465 700 501 758 ed
516 701 578 777 lh).
592 700 722 778 Sequens
733 699 903 776 quaternio,
917 699 969 777 qui
979 701 1094 777 reliqua
1107 703 1146 777 (p.
1161 700 1228 768 302,
1242 717 1276 753 21
1289 729 1325 741 -
1339 696 1408 770 308,
1422 692 1469 773 ar)
1481 693 1666 765 continebat,
1679 694 1710 751 in
1723 690 1862 753 Parisino

253 797 330 856 libro
343 796 486 855 excidisse
501 796 646 875 putandus
657 808 711 856 est.
727 799 846 853 Servata
858 794 949 853 verba
963 796 1066 854 ultima
1077 809 1105 854 et
1117 796 1213 874 prima
1231 794 1322 873 partis
1336 791 1495 870 deperditae
1507 793 1548 850 ita
1560 790 1669 849 habent
1685 812 1691 847 :

291 896 333 956 ot
347 893 398 975 γὰρ
415 892 479 974 πρὸς
493 893 520 952 ἓν
536 883 601 963 εἶδος
616 899 680 969 ἡμῖν
695 892 810 971 μάχηςὴ
839 891 1003 965 παρασκευὴ,
1018 892 1087 951 ἀλλὰ
1102 891 1218 958 ποικίλος
1232 882 1306 956 οὗτος
1321 891 1335 946 θ
1349 889 1461 964 πολεμος
1482 887 1528 946 καί
1553 889 1583 945 ἐκ
1604 885 1733 968 διαφόρων
1748 909 1864 964 συγκρο-
1935 880 1936 883 “

250 991 372 1065 τοιίμτνος
385 994 438 1048 τῶν
453 992 599 1070 ἔχθρῶν....
619 989 671 1048 Καὶ
688 988 787 1048 deiris
804 986 934 1064 μέλλοντα
957 989 1005 1058 τὴν
1023 987 1087 1069 πρὸς
1103 988 1208 1056 πάντας
1225 986 1398 1066 ἀναδέχεσθαι
1412 986 1424 1064 ΙΙ
1440 985 1531 1066 μάχην
1546 982 1593 1051 τάς
1615 983 1740 1042 ἁπάντων
1761 985 1862 1044 εἰδέναι
1935 994 1936 1021 ί

254 1086 363 1168 τέχνας,
377 1087 423 1148 καὶ
437 1090 482 1147 τὸν
498 1086 576 1146 αὐτὸν
590 1085 697 1159 τοξότην
712 1110 740 1144 τε
754 1076 821 1146 εἶναι
835 1085 879 1144 καί
894 1085 1070 1165 σρσνδονήτην
1087 1085 1133 1143 καὶ
1146 1083 1287 1163 ταξίαρχον
1300 1082 1346 1141 καλ
1361 1083 1476 1161 λοχαγὸν
1489 1081 1534 1140 καί
1545 1080 1709 1160 στρατιώτην
1722 1081 1767 1140 κτλ
1778 1104 1866 1160 οτρα-
1935 1124 1936 1159 ρ

254 1186 334 1263 τηγθν
349 1184 394 1253 καί
409 1184 486 1254 πεζὸν
499 1182 544 1243 καί
556 1183 640 1243 ἱππέα
651 1182 696 1241 καί
709 1184 849 1263 ναυμάχην
862 1182 907 1243 καί
920 1181 1098 1260 τειχομάχη·ν.“

294 1280 397 1340 Fusius
411 1281 548 1359 deinceps
560 1292 661 1338 auctor
674 1281 796 1357 exponit
809 1279 926 1357 quantis
939 1278 1051 1353 ingenii
1067 1275 1184 1336 dotibus
1197 1296 1230 1335 ac
1245 1276 1373 1335 scientiae
1388 1275 1482 1354 copiis
1496 1275 1656 1333 instructus
1667 1293 1731 1333 esse
1743 1274 1863 1349 debeat,

253 1378 278 1437 si
293 1379 361 1456 quis
373 1376 423 1449 τὴν
437 1382 481 1436 τοῦ
496 1378 566 1436 θεοῦ
579 1374 656 1435 πόλιν
671 1388 773 1434 contra
782 1375 908 1455 impetus
926 1374 1053 1434 hostium
1070 1375 1340 1434 diversissimorum
1354 1373 1562 1431 defendendam
1578 1370 1636 1430 sibi
1658 1373 1863 1450 proposuerit.

255 1473 341 1533 Vides
357 1474 537 1552 spiritualem
553 1472 697 1550 quandam
713 1486 803 1530 artem
818 1473 1037 1550 poliorceticam
1050 1452 1283 1549 praecedentibus
1295 1489 1313 1528 a
1324 1469 1431 1527 clerico
1446 1467 1571 1545 quodam
1588 1467 1737 1546 subjungi.
1748 1467 1868 1537 Quodsi

255 1570 341 1629 simul
351 1570 547 1629 antecedentis
561 1568 703 1627 orationis
717 1588 785 1647 pars
798 1581 944 1646 postrema
961 1565 1128 1639 exhibetur,
1143 1567 1174 1624 id
1189 1580 1345 1645 propterea
1366 1566 1472 1625 accidit
1486 1565 1564 1644 quod
1584 1565 1615 1623 in
1631 1567 1735 1624 'eodem
1754 1568 1786 1623 in
1802 1586 1866 1642 quo
1935 1574 1936 1647 l

255 1668 346 1725 altera
363 1665 554 1742 quaternione
570 1663 728 1740 legebatur.
741 1663 886 1722 Nimirum
901 1664 1075 1741 compilator
1094 1677 1193 1722 noster
1211 1664 1410 1743 perfunctorie
1422 1681 1481 1720 rein
1497 1681 1585 1738 agens
1600 1662 1730 1736 integros
1743 1673 1867 1738 quater·
1935 1654 1936 1715 i

255 1764 359 1822 niones
380 1782 396 1820 e
420 1760 573 1820 codicibus
585 1762 646 1820 suis
660 1761 784 1834 avulsit,
800 1762 884 1838 quasi
902 1762 989 1819 rudes
1002 1759 1129 1837 lapides,
1147 1781 1223 1837 quos
1238 1761 1339 1821 dolare
1352 1775 1382 1819 et
1395 1759 1529 1839 partibus
1542 1760 1580 1818 ad
1591 1758 1776 1838 propositum
1790 1759 1864 1817 inu-
1935 1758 1936 1831 ί

260 1859 361 1918 tilibus
384 1877 509 1937 purgare
530 1858 668 1934 neglexit.
685 1857 733 1916 Sic
748 1858 778 1916 in
792 1858 899 1918 Nicetae
920 1876 1037 1935 quoque
1060 1859 1251 1934 quaternione
1265 1859 1355 1917 multa
1369 1870 1437 1917 sunt
1450 1877 1515 1934 quae
1537 1855 1574 1914 ad
1593 1856 1869 1933 Constantinopolis
1935 1846 1936 1941 l

258 1955 442 2038 obsidionem
460 1955 533 2014 nihil
548 1956 703 2033 pertinent.
716 1954 859 2014 Similiter
872 1955 902 2013 in
917 1955 1009 2012 altero
1028 1954 1129 2012 codiee
1151 1953 1460 2033 duorum'praeliorum
1475 1953 1686 2031 descriptiones
1706 1951 1867 2024 habemus,
1935 1956 1936 1981 ³

259 2053 398 2131 quoniam
422 2051 609 2111 obsidionum
627 2053 775 2130 exempla,
796 2071 862 2129 quae
883 2053 945 2110 sola
967 2052 1096 2130 proferri
1122 2052 1197 2111 ratio
1220 2053 1347 2111 instituti
1372 2049 1556 2130 postulabat,
1570 2050 1601 2107 in
1625 2048 1722 2107 medio
1745 2048 1868 2107 demum
1935 2044 1936 2113 ί

258 2152 449 2226 quaternione
461 2149 613 2227 incipiunt.
624 2149 690 2227 lpse
702 2148 810 2220 codex,
822 2147 905 2224 cujus
918 2148 1090 2225 particulam
1104 2147 1207 2207 Noster
1220 2149 1300 2208 dedit
1309 2193 1317 2222 ,
1325 2162 1424 2227 aperte
1436 2148 1594 2206 destinatus
1607 2161 1668 2205 erat
1677 2160 1709 2205 ut
1721 2147 1870 2224 exernplis
1935 2134 1936 2169 l

256 2245 405 2304 historicis
425 2244 584 2304 illustraret
607 2265 667 2304 non
693 2248 787 2304 solum
812 2259 957 2322 praecepta
980 2247 1051 2305 artis
1076 2246 1287 2324 poliorceticae,
1303 2244 1353 2303 sed
1373 2264 1407 2302 ea
1425 2263 1542 2321 quoque
1558 2262 1623 2320 quae
1638 2242 1673 2300 ad
1688 2242 1823 2301 tacticam
1840 2259 1872 2304 et
1935 2254 1936 2309 Ϊ

258 2340 439 2417 strategicam
454 2352 594 2417 spectant.
609 2339 861 2410 Quemadmodum
877 2361 948 2401 vero
963 2343 1041 2400 hunc
1052 2341 1161 2400 librum
1175 2342 1348 2420 compilator
1365 2340 1527 2412 truncavit,
1548 2338 1590 2397 sic
1609 2338 1685 2397 idem
1701 2339 1803 2397 lecerit
1815 2361 1870 2398 co·
1935 2392 1936 2415 ,

257 2435 317 2493 dici
336 2436 448 2513 prium,
472 2436 523 2512 qui
541 2449 570 2492 et
588 2435 669 2512 ipse,
685 2449 717 2493 ut
738 2436 825 2494 ceteri
849 2435 938 2514 liujus
957 2440 1071 2513 generis
1091 2439 1206 2497 codices
1227 2452 1340 2497 tantum
1366 2458 1424 2496 non
1445 2455 1564 2508 ornnes,
1579 2449 1646 2493 ante
1659 2436 1769 2513 scripta
1783 2437 1821 2495 de
1837 2458 1872 2496 re
1935 2456 1936 2517 7

257 2530 446 2609 poliorcetica
465 2530 580 2590 dederit
600 2533 658 2590 alia
682 2547 848 2608 quaerant
869 2533 954 2592 dere
975 2535 1076 2592 tactica
1090 2547 1119 2591 et
1132 2534 1296 2610 strategias.
1317 2533 1464 2592 Lacinium
1484 2552 1521 2591 ex
1540 2531 1677 2590 uberiore
1694 2532 1871 2593 collectione
1935 2520 1936 2603 i

258 2630 442 2707 superstitem
458 2628 544 2685 etiam
562 2628 593 2685 in
604 2628 782 2687 Aristodemi
796 2629 958 2705 fragmento
971 2629 1173 2705 agnoscimus,
1189 2629 1267 2706 quod
1283 2642 1391 2687 tantum
1408 2628 1490 2686 abest
1503 2640 1609 2686 utcum
1622 2627 1871 2705 subsequentibus
1935 2606 1936 2621 i

259 2723 446 2782 obsidionum
457 2723 599 2801 exemplis
612 2744 766 2783 commune
780 2725 893 2803 aliquid
908 2724 1030 2798 habeat,
1045 2736 1077 2783 ut
1088 2745 1153 2803 quae
1169 2726 1205 2784 ad
1224 2745 1258 2783 ea
1274 2726 1453 2804 pertineant,
1465 2724 1501 2783 de
1518 2725 1663 2784 industria
1672 2724 1868 2803 praetermissa

259 2838 322 2878 esse
346 2820 518 2892 videantur3
535 2839 601 2878 nam
624 2819 692 2898 jure
707 2822 825 2882 mireris
843 2823 875 2880 in
900 2823 1137 2900 pentacontaetiae
1158 2822 1283 2881 historia
1304 2841 1340 2880 ne
1367 2821 1461 2880 verbo
1491 2822 1609 2900 quidem
1641 2825 1868 2883 commemorari

258 2915 427 2976 obsidiones
447 2916 653 2976 celeberrimas
670 2916 695 2974 T
697 2917 760 2976 hasi
779 2930 808 2976 et
824 2919 959 2977 Ithomes.
974 2920 1083 2980 Contra
1097 2938 1171 2978 vero
1183 2919 1243 2977 haec
1262 2918 1393 2978 historiae
1413 2939 1511 2995 graecae
1525 2938 1593 2999 pars
1612 2940 1678 2999 quae
1696 2920 1816 3000 proeliis
1839 2936 1870 2982 et

257 3013 328 3072 aitis
348 3013 544 3091 imperatoriae
568 3014 711 3091 exemplis
735 3015 860 3075 maxime
883 3015 1008 3091 insignis
1026 3029 1083 3088 est,
1102 3015 1137 3073 ad
1155 3015 1329 3076 illustranda
1352 3017 1460 3094 scripta
1480 3015 1540 3095 περί
1560 3020 1690 3075 τακτικῶν
1711 3017 1757 3076 καί
1780 3040 1869 3097 στρα-

258 3102 373 3186 τηγικῶν
387 3111 659 3189 peraccommodata
672 3124 744 3172 erat.
768 3112 865 3171 Simili
879 3132 1002 3191 prorsus
1018 3114 1105 3170 modo
1121 3112 1257 3170 llomanae
1273 3113 1400 3172 historiae
1418 3124 1529 3191 partem
1546 3112 1646 3171 eodem
1665 3113 1782 3172 nomine
1803 3134 1869 3190 prae

260 3207 363 3265 ceteris
380 3205 600 3265 memorabilem
617 3208 648 3264 in
660 3207 912 3266 Constantinianis
926 3208 986 3287 περὶ
1000 3208 1229 3288 στρατηγημάτων
1247 3209 1356 3285 eclogis
1369 3207 1569 3268 adumbratam
1584 3210 1671 3269 luisse
1685 3208 1836 3285 colligitur
1850 3229 1870 3269 e

261 3302 345 3359 titulo
367 3302 428 3380 περὶ
448 3307 573 3378 γνωμῶν,
594 3300 647 3360 ubi
664 3303 700 3359 ad
720 3303 812 3361 verba
831 3304 950 3381 Polybii
971 3305 1035 3379 (lib.
1058 3309 1123 3377 (i,c.
1148 3309 1173 3385 1)
1193 3329 1199 3364 :
1225 3306 1373 3367 Κάλλιστον
1397 3307 1512 3388 ἔραμαι,
1530 3307 1588 3384 ἅμα
1611 3307 1638 3368 dl
1660 3306 1869 3388 ὠφελιμώτατον

258 3388 355 3457 εἶναι...
372 3396 402 3454 τὸ
421 3399 519 3471 γνῶναι
536 3397 583 3454 καὶ
598 3397 691 3471 μαθεῖν
703 3401 759 3462 πῶς
772 3397 818 3456 καί
830 3397 881 3456 τίνι
892 3398 961 3477 γένει
972 3400 1104 3467 πολιτείας
1116 3403 1323 3482 ίπικρατηθέντα
1341 3403 1433 3483 σχεδὸν
1450 3403 1537 3462 πάντα
1552 3404 1586 3464 adi
1602 3403 1671 3465 κατίι
1684 3403 1732 3478 τὴν
1745 3404 1873 3483 οίκουμά-
1935 3434 1936 3465 ι

257 3516 305 3563 νην
318 3495 345 3551 ἐν
360 3493 413 3550 οὐθ’
427 3490 496 3559 ὅλοις
513 3492 675 3563 πεντήκοντα
691 3493 735 3551 καί
750 3494 834 3573 τρισὶν
848 3493 932 3553 ἔτεσιν
946 3493 998 3554 ὑπὸ
1011 3491 1059 3565 τὴν
1076 3496 1161 3574 ἀρχὴν
1176 3500 1227 3556 τῶν
1242 3498 1386 3577 Ῥωμαίων
1398 3498 1490 3561 ἔπεσεν
1507 3515 1575 3574 etc.,
1597 3503 1776 3581 adscriptum
1791 3502 1871 3579 legi·
1935 3510 1936 3551 ἒ

259 3602 306 3650 tur
322 3588 425 3660 εΖήτει
445 3590 473 3648 ἓν
486 3591 524 3670 τῷ
543 3589 603 3669 περὶ
622 3592 861 3670 στρατηγημάτων.

298 3685 493 3745 Obsidionum
510 3687 644 3766 exeuqua
656 3708 694 3747 ex
707 3691 849 3768 aurpliore
863 3690 961 3768 aliqua
973 3691 1144 3750 collectione
1155 3693 1283 3754 delibata
1294 3714 1354 3754 esse
1367 3715 1402 3754 eo
1414 3695 1542 3755 indicari
1558 3696 1677 3756 videtur
1697 3695 1778 3774 quod
1795 3696 1872 3758 locis

259 3781 428 3859 eP0lya²no
443 3783 543 3860 petitis
557 3785 672 3843 numeri
694 3784 734 3844 κε’
748 3799 777 3843 et
791 3783 835 3852 xe'
847 3786 1064 3861 adscribuntur,
1082 3793 1188 3867 quos'e
1207 3792 1339 3871 pleniore
1362 3791 1439 3852 libro
1464 3793 1622 3853 inattentus
1643 3794 1744 3854 scriba
1761 3810 1873 3874 practer
1935 3778 1936 3847 l

258 3899 318 3938 rem
334 3881 365 3939 in
380 3900 431 3940 sua
445 3882 594 3942 transtulit
608 3885 842 3963 (*).ilmpliorem
853 3900 947 3946 autem
959 3889 1039 3947 illam
1054 3889 1255 3949 collectionem
1274 3890 1394 3949 eandem
1421 3891 1510 3951 luisse
1530 3898 1652 3964 censeo,
1666 3911 1725 3969 qua
1742 3912 1812 3952 usus
1827 3910 1875 3953 est
1935 3890 1936 3899 ’

263 3991 365 4037 auctor
379 3998 544 4057 anonymus
565 3980 635 4041 libri
651 3985 703 4061 qui
718 3983 890 4044 inscribitur
908 4008 915 4043 :
931 3983 1026 4053 Ὀπως
1039 3983 1091 4067 χρὴ
1106 3985 1149 4044 τὸν
1163 3989 1210 4058 τῆς
1228 3986 1450 4066 πολιορκουμένης
1463 3987 1564 4055 πόλεως
1578 3987 1725 4069 στρατηγὸν
1740 3990 1805 4073 πρὸς
1819 3991 1871 4063 τὴν
1935 3984 1936 4037 i

259 4075 411 4154 πολιορκίαν
427 4077 647 4155 ἀντιτάττεσθαι,
664 4081 709 4139 καὶ
727 4080 789 4147 οἵοις
803 4082 1003 4160 ἐπιτηδεύμασι
1014 4083 1113 4155 ταύτην
1132 4084 1336 4166 ἀποκρούεσθαι,
1358 4085 1458 4145 Editus
1474 4084 1551 4144 liber
1564 4087 1595 4144 in
1610 4085 1744 4145 Veterum
1759 4089 1874 4147 matlie·
1935 4070 1936 4125 Ῐ

260 4174 430 4232 maticorum
445 4176 585 4254 operibus
601 4177 705 4257 [Paris.
726 4181 810 4259 1693)
825 4200 841 4238 e
855 4180 971 4239 duobus
984 4181 1068 4240 codd.
1083 4181 1237 4243 Parisinis.
1254 4181 1333 4241 ldem
1353 4183 1384 4241 in
1402 4183 1467 4242 aliis
1484 4182 1561 4241 haud
1577 4184 1679 4262 paucis
1697 4183 1784 4244 libris
1799 4206 1872 4247 mss.
1935 4172 1936 4175 Ἴ

258 4281 367 4344 exstat,
379 4269 429 4328 sed
443 4272 475 4329 in
490 4272 629 4333 omnibus
646 4276 703 4333 fine
720 4277 840 4337 mutilus
856 4292 908 4339 est.
923 4278 1038 4349 Quanta
1061 4279 1124 4357 ejus
1148 4300 1215 4359 pars
1235 4281 1370 4360 perierit,
1388 4281 1543 4340 nescimus.
1560 4280 1594 4338 ln
1615 4282 1764 4342 nonnullis
1782 4284 1872 4343 codd.

259 4382 335 4442 opus
349 4366 519 4428 attribuitur
531 4370 640 4431 lleroni
657 4374 812 4452 Byzantio,
822 4374 1007 4438 Constantini
1022 4378 1270 4458 Porphyrogeniti
1284 4393 1438 4441 coaetaneo.
1458 4379 1633 4460 Quicunque
1655 4381 1743 4441 luerit
1753 4397 1872 4459 auctor,

262 4480 320 4520 nori
337 4464 456 4542 scripsit
473 4480 539 4526 ante
555 4469 684 4528 seculum
700 4469 859 4546 decimum,
872 4485 904 4532 ut
925 4494 963 4532 ex
983 4476 1132 4534 mentione
1152 4476 1369 4537 Thessalonicae
1389 4498 1437 4539 an.
1460 4487 1517 4557 9⁰⁴
1534 4479 1718 4540 aSaracenis
1742 4480 1875 4544 obsessae
1935 4506 1936 4509 ¹

260 4557 445 4637 intelligitur.
461 4561 602 4643 Exempla
619 4566 759 4626 historica
773 4569 898 4646 singulis
913 4574 983 4630 artis
999 4571 1192 4648 obsidionalis
1205 4577 1359 4657 praeceptis
1374 4591 1475 4637 auctor
1489 4579 1529 4637 ita
1543 4578 1713 4657 subjungit,
1725 4594 1759 4640 ut
1774 4583 1874 4646 fontes

259 4655 337 4714 unde
353 4656 441 4716 ducta
459 4659 535 4731 siut,
549 4680 607 4720 non
620 4679 842 4745 commemoret,
857 4680 886 4726 et
900 4668 925 4727 si
940 4668 1013 4746 quid
1026 4669 1063 4729 ab
1077 4670 1218 4732 historico
1235 4688 1372 4734 narretur
1393 4676 1430 4737 ad
1449 4677 1542 4755 ipsam
1563 4677 1749 4738 obsidionem
1770 4683 1874 4743 minus
1935 4664 1936 4741 ζ

260 4754 428 4829 pertinens,
443 4754 475 4814 id
490 4756 536 4813 rel
551 4759 665 4818 omittat
682 4761 729 4820 rel
744 4762 774 4820 in
793 4761 883 4823 breve
903 4768 1062 4830 contrahat.
1076 4768 1217 4830 Conferre
1231 4793 1297 4831 cuni
1320 4775 1428 4833 nostris
1442 4778 1587 4854 excerptis
1617 4776 1684 4835 licet
1702 4797 1768 4855 quae
1789 4783 1877 4839 Ano·
1935 4758 1936 4761 Ἴ

182 4866 186 4873 ’
258 4867 364 4924 nymus
378 4850 467 4910 habet
481 4852 518 4910 de
532 4853 738 4918 obsidionibus
752 4858 841 4937 Tyri,
858 4861 957 4936 Gazae,
975 4864 1201 4942 Syracusarum,
1214 4867 1382 4929 Ambraciae
1397 4885 1426 4929 et
1440 4871 1555 4951 lotapae
1573 4870 1612 4952 (p.
1630 4873 1698 4934 361.
1713 4876 1783 4936 326.
1801 4878 1873 4939 325.

259 4943 327 5005 318.
344 4946 390 5006 ed.
408 4949 495 5007 Paris.
515 4951 600 5031 1693)
614 4952 673 5032 (Ἴ.
687 4954 873 5036 Comparatio
886 4959 970 5019 docet
985 4961 1121 5022 Nostrum
1136 4977 1165 5023 et
1178 4972 1366 5045 anonymum
1385 4970 1530 5029 interdum
1547 4969 1726 5030 verbotenus
1745 4994 1873 5034 consen·

258 5065 1872 5115 -ᾕ-ᾑ--ῂ-,ῄῂ

260 5195 267 5208 ο
292 5127 326 5189 (')
337 5130 364 5177 lu
379 5131 541 5192 Παρεκθολαῑς
553 5135 581 5217 ἐκ
592 5142 640 5185 τῶν
651 5147 814 5202 στρατηγικῶν
826 5144 933 5206 πράξεων
950 5146 988 5195 vel
1000 5149 1165 5212 experditat,
1179 5152 1232 5214 περὶ
1242 5158 1283 5202 τοῦ
1292 5154 1343 5203 οἷον
1355 5156 1415 5205 εἶναι
1427 5157 1464 5206 δεῖ
1474 5159 1515 5208 τὸν
1529 5158 1661 5222 στρατηγόν
1674 5161 1741 5233 (qum
1755 5161 1876 5222 leguntur

260 5210 284 5247 in
297 5197 369 5299 qqdd.
380 5202 436 5281 tat.
451 5208 505 5263 aaa,
520 5207 608 5287 rarus.
623 5212 692 5289 3437,
707 5215 777 5293 atil,
792 5214 864 5279 atat)
875 5216 1050 5281 qulnquaginta
1062 5220 1170 5283 Polyaeu'i
1181 5224 1261 5286 capita
1274 5224 1500 5280 hahes-secuudum
1513 5241 1602 5293 genera
1613 5244 1695 5281 rerum
1709 5230 1841 5295 disposita.
1935 5240 1936 5243 ’

293 5270 303 5331 t
333 5268 464 5334 >neuqua
473 5273 614 5329 obsidiones
628 5292 651 5328 m
666 5287 798 5345 superstite
809 5288 930 5351 Anonymi
944 5293 1013 5352 pade
1024 5297 1223 5343 commemorate
1239 5297 1298 5345 sunt
1312 5313 1318 5343 :
1334 5288 1455 5348 casareae
1468 5301 1501 5364 (p.
1512 5299 1578 5364 318),
1589 5300 1703 5365 Neapolis
1719 5301 1797 5368 (819),
1812 5304 1878 5357 citri
