3906 6034
283 481 323 539 60
696 470 895 533 CRITOBULI
918 466 1184 530 HISTORIARUM
1205 468 1280 527 LlB.
1303 468 1328 544 l,
1353 469 1462 528 14-16.

281 610 328 670 καὶ
345 608 451 686 σώμασι
473 608 518 666 καλ
540 605 628 672 ὅπλοις
648 603 693 662 καὶ
713 602 819 684 πλούτῳ
836 603 881 662 καλ
904 605 985 683 ἀρετῇ
1000 606 1052 660 τῶν
1107 598 1244 676 ἐναγώνιον
1255 598 1336 659 τεκαὶ
1351 598 1472 659 ἐπίπονον
1483 602 1568 665 αθτοῖς
1584 595 1819 675 καταστησάμενοι
1834 598 1885 665 τήν

282 697 446 758 ἐνοικούντων
469 696 514 754 καί
541 696 647 758 πολλοῖς
673 690 761 758 άλλοις
784 688 958 770 ὠχυρωμένον
988 689 1053 769 πρὸς
1107 688 1227 760 ζωήν,ές
1237 692 1313 746 τοῦτο
1324 686 1435 758 δόξηςτε
1447 686 1493 745 καί
1506 683 1639 762 δυνάμεως
1651 676 1718 765 ἦραν
1732 684 1780 757 τὴν
1796 686 1894 768 ἀρχὴν,

284 785 385 861 άμυναν
393 781 565 850 διανίσταντο,
575 778 620 837 καί
628 779 736 857 ρρούρια
751 779 848 858 ἐρυμνδι
856 776 901 836 καλ
912 775 1052 835 δυσάλωτοι
1107 776 1152 835 καί
1164 774 1269 851 σώμασι
1286 774 1330 834 καῖ
1341 774 1461 855 χρήμασι
1473 774 1518 833 καὶ
1532 773 1621 840 ὅπλοις
1633 777 1679 832 καὶ
1691 774 1815 850 τριήρεσι
1836 776 1887 834 καὶ

281 873 327 931 καί
340 869 548 931 τόποιδύσόατοι
562 867 607 927 καὶ
620 866 764 946 δυσχωρίαι
778 864 875 926 πολλαί
886 863 932 923 καί
939 864 1053 941 ποταμοί
1107 872 1174 922 πᾶσι
1181 871 1234 929 τοῖς
1244 861 1406 942 ύπάρχουσι,
1419 861 1546 941 μεγίστην
1560 884 1589 920 τε
1610 860 1748 928 ἀπέδειξαν
1758 863 1806 920 καλ
1816 862 1887 940 πρὸς
1943 898 1944 903 =

283 959 395 1038 ξυνεχεῖς
415 958 460 1016 καὶ
482 960 511 1015 ού
532 954 627 1036 ῥᾳδίως
645 953 765 1013 διάθατοι
783 952 828 1011 καί
846 948 932 1010 πολλά
945 955 1054 1009 τοιαῦτα
1092 948 1222 1028 πόλεμον
1235 950 1281 1008 καὶ
1292 950 1397 1029 εἰρήνην
1410 948 1638 1027 αὐταρκεστάτην,
1658 948 1703 1007 καὶ
1718 953 1783 1025 ἡμῖν
1796 948 1887 1028 παρέ·
1943 994 1944 1003 ,

282 1037 367 1127 εἶργον
383 1043 476 1112 αι’ντοθς
489 1044 552 1122 (τοῦ
573 1042 696 1122 πρόσω],
712 1041 742 1098 τὸ
761 1038 940 1120 δὲμίγιστον,
956 1040 983 1096 αἱ
1004 1041 1054 1096 τῶν
1107 1040 1201 1098 δοσαν·
1242 1039 1288 1116 (ιε)
1304 1038 1336 1109 ἣν
1352 1036 1523 1119 μήρανῶμεν
1535 1035 1700 1116 προδιδόντες
1714 1036 1744 1095 τό
1757 1060 1788 1115 γε
1801 1039 1885 1111 ἡμῶν

285 1133 428 1211 Ῥωμαίων
452 1132 573 1209 δυνάμεις
590 1129 660 1188 κατά
679 1150 707 1187 τε
731 1128 843 1204 γῆνκαὶ
862 1124 997 1184 θάλασσαν
1012 1123 1053 1181 ιἰεῖ
1109 1126 1202 1205 μέρος,
1218 1125 1286 1202 μηδέ
1303 1125 1350 1192 τάς
1364 1129 1415 1184 τῶν
1432 1124 1566 1204 προγόνων
1587 1124 1762 1204 ἀνδραγαθίας
1782 1124 1886 1205 ἀρκοί-

283 1221 353 1281 κατδ
373 1223 514 1300 πρόσοιπον
531 1215 820 1292 αύτοῖςᾶνθιστάμεναι
843 1213 889 1272 καὶ
905 1211 1055 1291 μαχόμεναι
1111 1237 1219 1291 σωμεν,
1237 1212 1364 1291 μηδέτιλν
1380 1213 1511 1292 ἡμετέραν
1529 1214 1613 1270 αύτῶν
1631 1211 1816 1290 άναιρήσωμεν
1837 1212 1886 1272 δό·
1943 1260 1944 1271 ,

285 1310 331 1368 καὶ
344 1306 443 1378 πολλήν
462 1303 613 1366 ἐναντίωσίν
630 1304 719 1362 τεκαὶ
743 1302 856 1379 ἀγωνίαν
878 1300 1053 1378 παρέχουσαι.
1110 1301 1170 1375 ξαν,
1192 1302 1226 1374 ἣν
1244 1302 1356 1382 ἔσχομεν
1367 1303 1397 1359 ἐκ
1416 1300 1485 1361 πάνυ
1504 1302 1616 1376 πολλοῦ,
1639 1300 1781 1376 ὀνομαστοὶ
1804 1302 1886 1379 παρὰ
1943 1368 1944 1371 γ

283 1397 330 1477 (10)
345 1395 415 1456 Ἀλλ’
428 1394 499 1470 ὅμως
513 1392 584 1453 οὐδὲν
598 1389 696 1451 τούτων
705 1389 818 1470 ἐπέσχεν
831 1386 924 1454 αὐτούς
932 1392 978 1446 τοῦ
993 1385 1056 1465 πρό-
1107 1399 1187 1450 πάσιν
1200 1390 1270 1458 ὅντες
1282 1391 1324 1447 ἐπ’
1340 1388 1431 1469 ἀνδρία
1443 1388 1488 1448 καὶ
1502 1387 1647 1467 στρατηγία
1658 1387 1704 1446 καὶ
1724 1391 1817 1465 ἀρετῇ,
1833 1390 1887 1447 καὶ

283 1507 335 1557 σω,
349 1484 401 1543 οὐδ’
418 1481 533 1542 ἐκώλυσε
552 1479 599 1550 τήν
620 1479 718 1538 τούτων
734 1476 819 1555 ὁρμήν
840 1498 868 1534 τε
882 1473 928 1534 καλ
940 1474 1053 1552 ἀρετήν,
1108 1475 1316 1554 άκαταγώνιστσι
1330 1477 1356 1541 ἐς
1368 1477 1443 1552 δεῦρο
1458 1473 1503 1532 καί
1515 1475 1647 1541 δοκοῦντες
1663 1474 1708 1533 καὶ
1723 1473 1805 1546 ὅντες,
1818 1485 1888 1551 μιᾶς
1943 1508 1944 1511 ¹

283 1570 331 1637 ὅως
350 1568 456 1629 ἅπαντα
474 1567 719 1646 καταστρεψάμενσί
736 1589 765 1625 τε
783 1564 829 1624 καί
849 1562 1001 1629 καθελόντες
1012 1586 1053 1621 τε·
1107 1570 1151 1625 νῦν
1163 1564 1264 1630 πόλεως
1278 1562 1438 1637 ἡττημένοι,
1453 1561 1500 1623 καί
1519 1561 1617 1634 ταύτης
1633 1560 1693 1621 ούτε
1710 1566 1757 1619 τοῦ
1770 1567 1885 1643 θαρρεῖν

283 1657 359 1724 λείως
371 1654 546 1737 ἐκρατύναντο
557 1654 604 1727 τὴν
617 1653 700 1734 ἀρχὴν
711 1652 836 1733 βεόαίως,
851 1651 897 1711 καὶ
911 1659 963 1717 τοῖς
975 1659 1055 1710 πᾶσιν
1108 1650 1218 1730 έχούσης
1233 1648 1271 1708 έτι
1293 1647 1383 1729 καιρδν
1406 1646 1471 1726 ίιπίρ
1490 1651 1596 1721 ἑαυτῆς,
1613 1647 1680 1707 ἀλλά
1701 1650 1889 1725 κεκενωμένης

283 1744 459 1824 ἰσχυροτάτην
476 1741 629 1814 ἀπέδειξαν,
654 1741 743 1820 ἄνδρες
757 1740 849 1817 ἀγαθοὶ
863 1739 996 1816 γενόμενοι
1010 1738 1053 1798 διά
1108 1738 1193 1796 διολσυ
1208 1739 1260 1795 τῶν
1281 1736 1423 1814 οἰκητόρων
1446 1736 1559 1818 σχεδὸν,
1576 1735 1662 1796 πάντα
1673 1735 1700 1795 δέ
1715 1735 1749 1794 τά
1768 1738 1888 1816 πρόσθεν

282 1834 372 1899 τέλους
389 1832 434 1890 καί
455 1829 536 1907 μηδέν
560 1835 606 1889 τοῦ
629 1828 655 1898 ἐξ
675 1831 759 1908 ἀρχῆς
777 1826 844 1890 ὅλως
861 1826 966 1907 θρέντες
984 1829 1054 1904 λογι·
1108 1825 1177 1884 καλά
1190 1824 1425 1914 περικεκομμένης
1445 1825 1536 1883 τεκαὶ
1559 1823 1756 1903 περιηρημένης
1774 1826 1890 1895 τελείως

283 1926 351 1997 σμοῦ
366 1918 411 1977 καλ
425 1918 600 1997 φρονήματος.
644 1918 689 1992 ήιι]
706 1919 869 1994 Κρατοῦντος
887 1911 934 1990 μέν
943 1914 994 1991 γάρ
1004 1916 1054 1971 τῶν

283 2008 383 2087 ἐχθρῶν
395 2004 568 2082 έπεέήρχοντο
582 2001 662 2081 μέχρι
680 2003 797 2074 πολλοῦ,
811 1998 950 2076 νικώμενοι
963 2000 1052 2069 δὲούκ

282 2093 439 2169 ἀνίπιπτον,
452 2090 509 2151 σιἰδέ
526 2089 574 2158 τδις
586 2088 704 2168 χρηστάς
718 2087 833 2168 σἰρήρσυν
847 2087 965 2159 ἐλπίδας,
982 2087 1052 2145 ἀλλά

281 2185 320 2262 τῷ
332 2204 362 2240 τε
379 2183 450 2261 σρῶν
472 2180 556 2237 αὐτῶν
579 2175 684 2258 εὐψύχῳ
705 2179 751 2236 καί
766 2180 797 2253 τῇ
815 2177 903 2235 ἐλπίδι
922 2183 969 2236 τοῦ
987 2175 1053 2251 μέλ·

282 2271 371 2336 λοντος
381 2271 411 2327 τὸ
422 2276 475 2326 πάν
492 2264 692 2346 ἐπιτρέποντες,
704 2263 742 2323 ἔτι
757 2263 783 2322 δέ
797 2264 843 2323 καὶ
861 2268 898 2345 τῷ
909 2268 956 2336 τῆς
968 2263 1051 2343 τύχης

283 2356 390 2436 ἀδήλιρ,
412 2346 483 2421 αὖθις
497 2354 599 2434 εἴχοντο
620 2358 673 2413 τῶν
689 2351 854 2434 πραγμάτων
881 2352 1052 2431 ἐρρωμένως,

282 2445 429 2519 τολμῶντες
444 2440 492 2514 μέν
508 2442 554 2499 καλ
571 2439 644 2518 παρά
666 2441 793 2516 δύναμιν,
815 2438 1006 2507 κινδυνεύοντες
1027 2441 1054 2499 δέ

282 2531 328 2591 καί
343 2529 416 2610 παρά
428 2528 551 2609 γνώμην,
564 2532 590 2589 ἐν
606 2528 633 2588 δέ
648 2536 700 2595 τοῖς
713 2530 803 2594 δεινοῖς
816 2527 888 2595 ὅντες
908 2526 1053 2601 εὐέλπιδες,

283 2619 329 2679 καί
343 2618 395 2696 μὴν
412 2617 542 2677 ἀνένδοτοι
556 2616 604 2695 μέν
619 2618 645 2676 ἐν
660 2615 756 2689 πόνοις,
768 2616 856 2676 άοκνοι
878 2615 906 2674 δέ
925 2616 989 2696 πρὸς
1002 2626 1054 2676 πᾶν

283 2706 409 2775 τδδόξαν
423 2696 451 2766 εύ
468 2705 538 2786 ἐχειν
552 2706 654 2775 αύτοῖς,
668 2704 732 2785 πρὸς
746 2705 773 2765 δέ
793 2703 875 2781 μηδὲν
894 2708 945 2762 τῶν
966 2708 1054 2765 καλῶν

284 2796 429 2872 μελληταί,
447 2793 512 2863 ὀξεῖς
527 2792 575 2869 μέν
586 2795 724 2864 ἐπινοῆσαι
740 2793 770 2852 τδ
786 2792 859 2866 δέον,
875 2796 965 2872 ταχεῖς
984 2793 1011 2851 δὲ
1025 2792 1055 2853 τὸ

283 2882 372 2956 νοηθίν
396 2880 464 2960 ἔργῳ
479 2881 598 2941 τελέσαι·
642 2878 690 2959 (ιε)
704 2879 865 2956 ἀποδημίαις
885 2902 913 2938 τε
938 2887 1053 2959 μακραῖς

282 2970 417 3051 χαίροντες
435 2969 477 3029 άελ
490 2969 555 3047 πρὸς
565 2970 595 3028 τδ
609 2966 722 3028 κτᾶσθαί
735 2992 761 3027 τι
775 2972 827 3027 τῶν
841 2969 889 3027 ούκ
900 2965 992 3040 ὄντοιν,
1008 2967 1052 3027 καί

1108 1917 1189 1993 πῶτε
1208 1915 1304 1990 μακρῷ
1320 1910 1406 1992 χρόνῳ
1427 1912 1542 1976 καὶτοῖς
1565 1910 1684 1991 ξυνεχέσι
1702 1914 1889 1991 καταδρομαῖς

1109 2000 1154 2058 καὶ
1176 1999 1338 2080 πολιορκίαις
1358 2003 1409 2058 τῶν
1439 1998 1589 2079 ἡμετέρων,
1608 1999 1653 2059 καλ
1686 1998 1754 2074 μηδέ
1779 2000 1888 2069 πολεως

1108 2087 1187 2162 ούσης
1202 2087 1255 2164 ἐτι,
1269 2089 1352 2165 ὄνομα
1368 2088 1394 2148 δέ
1409 2088 1486 2164 μόνον
1502 2088 1648 2160 σωζούοης·
1662 2086 1696 2147 τδι
1712 2087 1734 2146 δ’
1747 2087 1818 2148 άλλα
1834 2092 1889 2167 γῆς

1109 2177 1235 2258 σἰροσίμου
1248 2177 1294 2237 καλ
1306 2181 1391 2260 ρυτῶν
1407 2175 1452 2236 καὶ
1464 2177 1589 2252 ἀμπέλων
1603 2175 1741 2255 περίὸσλός
1753 2178 1837 2249 ἐστιν,
1847 2184 1888 2246 ὡς

1109 2267 1202 2345 δρᾶτε,
1219 2265 1264 2323 καί
1280 2265 1399 2342 ματαίων
1414 2265 1568 2340 οἰκοδομιῶν
1582 2286 1610 2323 τε
1624 2263 1669 2322 καλ
1683 2262 1781 2342 τοίχων
1799 2269 1887 2324 κενῶν

1109 2351 1262 2412 καὶτούτων
1274 2352 1394 2434 ἐρειπίων
1406 2355 1457 2412 τῶν
1469 2351 1609 2411 πλείστων.
1653 2352 1700 2431 (ιι)
1714 2350 1817 2431 Ὁρᾶτε
1825 2353 1881 2435 γάρ

1109 2442 1145 2508 ῶς
1156 2442 1182 2499 ἐν
1196 2442 1234 2521 τῷ
1248 2441 1321 2520 μέσῳ
1333 2440 1439 2517 κειμένη
1453 2443 1500 2512 τῆς
1513 2439 1643 2519 ἡμετέρας
1657 2443 1760 2518 ἀρχῆς,
1780 2443 1807 2499 έν
1825 2443 1889 2501 έπι·
1943 2496 1944 2499 ,

1109 2526 1193 2605 καίριρ
1207 2549 1235 2586 τε
1246 2531 1294 2604 γῆς
1307 2528 1353 2586 καί
1376 2527 1524 2599 θαλάσσης,
1544 2526 1593 2585 ὅσα
1610 2527 1655 2584 καί
1670 2517 1712 2586 οἶα
1731 2528 1887 2608 πράγματα

1110 2614 1243 2695 παρέσχεν
1257 2620 1320 2692 ἡμῖν
1333 2616 1359 2684 ἐξ
1373 2617 1471 2696 ἀρχῆς,
1484 2614 1525 2674 οῖελ
1540 2618 1693 2689 πολεμοῦσα
1701 2660 1709 2691 ,
1724 2617 1770 2676 καὶ
1782 2622 1829 2675 νῦν
1845 2617 1887 2678 ἐτι

1113 2703 1240 2784 παρέχει,
1254 2711 1307 2771 τοῖς
1327 2705 1460 2783 ἡμετέροις
1473 2702 1626 2784 πράγμασιν
1647 2704 1824 2785 ἐρεδρεύουσα
1840 2708 1888 2766 καὶ
1943 2706 1944 2711 ’

1109 2800 1165 2859 ταῖς
1177 2795 1252 2868 ἡμῶν
1269 2793 1399 2872 άκαιρίαις
1411 2793 1452 2852 ἀεί
1469 2791 1628 2873 έπιρυομίνη
1645 2792 1691 2850 καὶ
1713 2792 1747 2851 τά
1769 2791 1887 2871 μέγιστα

1112 2879 1275 2959 βλάπτουσα.
1323 2882 1371 2959 (u)
1392 2880 1440 2949 Τίς
1462 2881 1513 2960 γάρ
1536 2882 1583 2939 οὐκ
1605 2872 1685 2955 οἶδεν,
1707 2885 1742 2949 ῶς
1769 2882 1818 2941 ἐπὶ
1841 2890 1888 2944 τοῦ

1109 2967 1237 3047 ἡμετέρου
1264 2967 1391 3049 προγόνου
1414 2968 1569 3040 Παῖαζήτου
1594 2966 1692 3026 ἐκείνου
1720 2976 1813 3027 πᾶσαν
1838 2970 1888 3041 τήν

282 3058 415 3134 μηδέποτε
430 3055 553 3134 μένοντες
564 3056 608 3114 ἐπὶ
621 3058 673 3114 τῶν
688 3057 789 3127 αὐτῶν,
810 3055 877 3131 μηδέ
891 3055 950 3121 τοὺς
963 3056 1057 3123 άλλους
1113 3055 1225 3134 έσπέραν
1247 3056 1352 3129 ἐκίνησε
1367 3055 1425 3116 καθ’
1440 3060 1515 3133 ἡμῶν
1537 3056 1659 3126 θταύτης
1677 3055 1816 3136 βασιλεὺς,
1833 3059 1889 3119 inb

284 3147 389 3218 ἐῶντες,
402 3146 433 3205 τδ
445 3146 492 3222 μὲν
506 3142 589 3223 παρδν
606 3147 632 3210 ἐς
645 3142 719 3202 οῦδὲν
735 3144 897 3218 λογιζόμενοι
912 3141 955 3200 διδ
968 3142 998 3200 τδ
1014 3143 1056 3202 σἰεί
1112 3143 1160 3221 μέν
1174 3146 1289 3203 ὠκεανοῦ
1305 3143 1350 3202 καί
1372 3145 1532 3212 Μασσαλίας
1551 3144 1673 3211 Γαλάτας
1684 3168 1713 3202 τε
1727 3144 1788 3210 τοὺς
1803 3149 1888 3206 ἑσπε·

282 3236 335 3292 τῶν
346 3232 466 3292 ἁπάντων
482 3232 644 3313 ἐρέεσθαι,το
656 3231 684 3290 δέ
695 3230 732 3306 μή
745 3231 796 3302 ἤδη
807 3229 910 3302 κτηθέν,
921 3231 1055 3300 ἐπινοηθὲν
1111 3232 1178 3311 ρίους
1192 3233 1237 3290 καὶ
1252 3231 1417 3312 Πυρηναίους
1435 3231 1481 3292 καί
1499 3230 1652 3304 Ἱσπανοδς,
1669 3229 1719 3287 ἀπὸ
1740 3229 1767 3287 δέ
1780 3228 1888 3303 Ῥήνου

284 3317 321 3390 δέ,
338 3321 374 3384 ιὀς
385 3317 413 3376 δν
427 3320 595 3395 κατέχοντες,
609 3319 737 3396 ἐλάχιστα
754 3319 801 3393 μὲν
817 3317 994 3385 ἀπολαύοντες
1004 3322 1056 3377 τῶν
1110 3327 1231 3396 ποταμοῦ
1248 3319 1360 3378 καὶτῶν
1381 3321 1565 3402 προσαρκτίων
1580 3317 1692 3384 Κελτοὺς
1712 3315 1757 3376 καὶ
1780 3321 1891 3380 Κελτί-

284 3404 457 3483 ύπαρχόντων
472 3403 514 3462 διὰ
534 3404 582 3475 τήν
600 3411 645 3465 τοῦ
658 3404 775 3471 πλείονος
789 3405 891 3486 ἔρεπον,
910 3407 951 3465 ἀεὶ
968 3405 996 3464 δέ
1013 3430 1058 3483 μσ·
1111 3405 1194 3485 6ηροίς
1208 3429 1236 3465 τε
1250 3406 1296 3466 καί
1310 3404 1475 3485 Γερμανοὺς,
1489 3405 1533 3466 τόν
1548 3431 1575 3466 τε
1590 3405 1709 3468 Παιόνων
1722 3428 1751 3464 τε
1764 3406 1813 3465 καλ
1830 3414 1891 3469 Δα-

282 3493 404 3570 χθοῦντες
412 3490 511 3563 διάτῆν
519 3496 571 3551 τῶν
580 3490 889 3569 μήὸντωνκτῆσίντεκαλ
897 3493 1052 3567 ἀπόλαυσιν,
1109 3496 1162 3552 κῶν
1183 3492 1294 3571 βασιλέα
1314 3494 1381 3552 πολύ
1402 3517 1427 3551 τι
1440 3498 1534 3574 χρῆμα
1553 3502 1676 3574 στρατιᾶς
1693 3491 1793 3571 άγοντα
1815 3497 1891 3555 κατά
1943 3518 1944 3521 ’

282 3584 336 3644 τοῖς
354 3577 402 3655 μέν
414 3578 534 3655 σώμασιν
548 3580 583 3646 ώς
602 3579 746 3658 ἀλλοτρίοις
761 3578 892 3659 χρώμενοι
911 3580 976 3660 πρὸς
990 3580 1055 3650 ,τοθς
1108 3584 1167 3659 γῆν,
1181 3580 1221 3641 ἔτι
1234 3580 1261 3639 δέ
1276 3582 1322 3640 καί
1331 3581 1374 3640 διά
1389 3586 1435 3641 τοῦ
1447 3587 1567 3658 ποταμοῦ
1588 3582 1716 3661 τριήρεις·
1729 3580 1755 3641 οἳ
1765 3581 1813 3641 καλ
1827 3584 1891 3642 δια-

281 3666 375 3734 τόνους
388 3691 417 3726 τε
426 3666 473 3726 καί
487 3667 629 3739 κινδύνους,
642 3668 704 3744 μηδ’
716 3666 782 3734 δλιος
791 3667 887 3728 τούτων
902 3668 1048 3748 φειδόμενοι
1112 3669 1205 3737 όάντες
1216 3668 1261 3747 τὸν
1274 3667 1380 3750 Ἴστρον
1398 3669 1443 3729 καλ
1454 3667 1528 3750 παρά
1541 3668 1587 3737 τάς
1602 3668 1693 3729 τούτου
1711 3668 1791 3749 δχθας
1807 3671 1838 3728 ἐν
1851 3678 1888 3752 τῇ

281 3754 521 3836 καίσραλλομίνων
531 3754 669 3831 πολλάκις,
680 3754 726 3821 τάς
735 3756 763 3814 δέ
770 3755 856 3836 ψυχάς
864 3754 988 3828 ἀήττητοι
999 3758 1054 3815 δια·
1109 3756 1227 3837 ἡμετέρα
1250 3756 1534 3838 στρατοπεδεύσαντες,
1554 3757 1626 3817 οὐδέν
1634 3758 1754 3819 ,ἐνενόουν
1768 3758 1889 3838 μικρὸν,

282 3840 419 3922 μένοντες,
433 3842 479 3903 καί
488 3841 569 3910 οίτως
581 3844 641 3903 ὅλον
653 3842 697 3902 τόν
708 3842 771 3902 ίδιον
787 3846 869 3904 αἰῶνα
883 3848 1054 3923 μσχθοῦντες,
1110 3845 1177 3904 έλλά
1191 3853 1279 3904 πᾶσαν
1286 3846 1335 3917 τήν
1343 3846 1473 3926 ἡμετέραν
1488 3845 1596 3921 δύναμιν
1607 3844 1653 3905 καὶ
1667 3845 1752 3924 ἀρχὴν
1762 3850 1888 3907 καθελεῖν

311 4030 326 4094 §
342 4038 369 4080 10
385 4032 566 4097 ’1οχνροτοῖτην]
580 4035 672 4096 ειιρεοί
688 4033 807 4098 scriptum
816 4034 836 4084 ἐ.
848 4034 926 4098 Igitur
940 4035 966 4084 iu
984 4035 1062 4086 allero
1075 4035 1158 4087 codiee
1176 4036 1248 4086 fuerit
1268 4036 1425 4100 ἐχυρωτάτην.
1443 4036 1454 4101 11
1468 4068 1498 4080 -
1509 4036 1524 4100 §
1537 4039 1610 4087 11.1n
1625 4049 1678 4100 sqq.
1699 4036 1891 4091 Atheniensium

280 4100 363 4164 potius
374 4115 450 4164 quem
462 4103 599 4154 Turturum
614 4103 718 4154 indolem
731 4104 837 4154 describi
848 4105 946 4155 dixeris.
959 4105 1099 4155 critobulus
1110 4106 1135 4155 ln
1145 4121 1205 4156 usus
1215 4120 1273 4155 sues
1281 4107 1401 4157 convertit
1409 4106 1592 4169 Thucydidem
1601 4108 1736 4157 orationem
1746 4107 1890 4171 legatorum

282 4169 466 4221 Coriuthiorum
479 4172 513 4236 (1,
524 4186 547 4223 e.
562 4177 592 4224 08
606 4174 677 4236 sqq.)
689 4177 714 4223 et
727 4175 828 4225 Periclis
841 4176 975 4226 orationem
987 4176 1113 4226 funebrem
1123 4178 1162 4241 (2,
1176 4181 1207 4227 35
1220 4178 1285 4239 sqq).
1299 4176 1309 4239 ΙΙ
1325 4204 1352 4213 -
1372 4177 1523 4243 κρατοῦντες]
1541 4176 1655 4241 Thucyd.
1669 4182 1691 4237 1,
1708 4179 1747 4237 70,
1761 4182 1776 4227 3
1797 4198 1804 4228 ε
1827 4197 1891 4244 αρα-

282 4242 374 4297 τοῦντές
385 4258 409 4290 τε
417 4248 464 4291 τῶν
474 4244 563 4307 ῖχθρων
574 4244 612 4294 ἐπὶ
624 4247 733 4294 πλεῖστον
740 4247 880 4308 ἐξέρχονται,
894 4248 935 4296 καὶ
947 4248 1071 4309 νικώμενοι
1081 4247 1118 4297 ἀπ’
1129 4248 1251 4311 ἐλάχιστον
1266 4248 1441 4298 ἀναπίπτουσιν.
1454 4248 1465 4311 Ι]
1478 4253 1554 4310 -τῷ
1564 4264 1589 4298 τε
1601 4254 1666 4311 σρῶν
1680 4249 1758 4297 αὐτῶν
1766 4249 1891 4317 εὐψύχῳ]

283 4311 361 4361 Thue.
380 4319 404 4373 2,
416 4317 456 4373 ³9,
474 4317 484 4363 1
503 4335 510 4364 ε
525 4316 701 4372 πιστεύοντες...
713 4321 748 4378 τῷ
761 4317 799 4377 ἀρ’
812 4319 879 4379 ήμῶν
897 4319 1011 4374 αὑτῶνές
1029 4319 1059 4368 τὰ
1074 4319 1131 4382 ἔργα
1145 4319 1250 4383 ιὺρόχῳ.
1267 4318 1277 4382 ]]
1294 4346 1327 4355 -
1344 4322 1501 4383 τολμῶντες...
1521 4319 1651 4384 εὐέλπιδες]
1661 4319 1739 4368 Thue.
1754 4323 1776 4381 1,
1790 4323 1832 4381 70,
1850 4328 1867 4373 3
1882 4345 1889 4373 ε

281 4380 346 4439 αὖθις
359 4386 382 4432 οῖ
394 4385 436 4447 μέν
454 4386 494 4434 καί
512 4386 575 4449 παρὰ
595 4388 691 4450 δύναμιν
711 4389 823 4450 τολμηταὶ
835 4391 876 4438 καὶ
887 4390 951 4452 παρὰ
967 4390 1062 4452 γνώμην
1076 4392 1219 4440 κινδυνευταὶ
1233 4391 1274 4438 καὶ
1295 4391 1332 4440 ἐπί
1345 4395 1392 4447 τοῖς
1412 4393 1496 4448 δεινοῖς
1510 4392 1633 4448 εὐέλπιδες,
1652 4390 1663 4453 Ι]
1679 4417 1709 4426 -
1727 4391 1851 4442 ἀνέκδοτοι
1865 4398 1890 4444 έν

280 4451 376 4518 πόνοις]
387 4452 466 4504 Thue.
483 4459 505 4515 1,
518 4457 558 4518 70,
572 4460 586 4507 θ
598 4475 605 4505 ε
618 4459 742 4508 καὶταῦτα
756 4458 816 4521 μετὰ
828 4459 906 4508 πόνων
915 4460 993 4508 πάντα
1003 4462 1045 4510 καὶ
1058 4461 1170 4511 κινδύνων
1184 4461 1214 4510 δι’
1225 4462 1280 4510 ὅλου
1293 4465 1336 4510 τοῦ
1345 4462 1429 4517 αἰῶνος
1442 4463 1577 4524 μσχθοῡσιν.
1594 4461 1648 4524 ]-
1658 4458 1755 4524 ἄοκνον]
1766 4453 1850 4512 Thue.
1866 4471 1889 4524 1,

281 4524 367 4585 70,οἑ
381 4523 462 4572 ἀοκνσι
478 4526 534 4588 πρὸς
554 4528 613 4589 ὑμεῖς
628 4527 842 4587 (Lacedaemonios
861 4526 909 4592 se.)
928 4528 1078 4594 μιλλητάς.]
1099 4555 1130 4568 -
1151 4529 1279 4594 μελληταῖ]
1295 4531 1391 4590 μεληταί
1405 4530 1460 4580 eod.
1475 4531 1486 4593 ΙΙ
1500 4556 1530 4567 -
1550 4531 1620 4595 ὀξεῖς]
1638 4526 1717 4579 Thue.
1741 4534 1766 4589 1,
1788 4533 1830 4593 70,
1846 4540 1888 4583 2:

281 4593 406 4654 ἐπινοῆσαι
418 4594 476 4651 ὀξεῖς
490 4597 531 4645 καὶ
547 4597 676 4648 ἐπιτελέσαι
691 4599 752 4664 έργῳ
768 4599 781 4648 δ
796 4601 825 4649 ἀν
842 4603 938 4661 γνῶσιν.
1943 4628 1944 4631 ’

312 4662 328 4728 §
349 4669 385 4715 12.
399 4665 563 4731 Ἆπσδημίαις]
577 4668 654 4718 Τέιιισ.
668 4673 689 4728 1,
707 4672 771 4729 70,4
792 4670 986 4732 εάπσδημηταλ...
1006 4671 1095 4721 οῖονται
1109 4672 1154 4735 γάρ
1167 4677 1195 4736 τῇ
1207 4672 1311 4735 ἀπουσίᾳ
1322 4672 1349 4721 οῖν
1363 4671 1441 4734 (ἐστίν)
1460 4689 1483 4721 τι
1499 4674 1612 4733 κτᾶσθαι,
1629 4671 1706 4734 0059
1721 4690 1727 4721 :
1745 4672 1810 4720 ὥστε
1825 4676 1889 4736 μήτε

280 4734 365 4792 αύτούς
379 4736 441 4798 ἐχειν
449 4735 552 4800 ἡσυχίαν
562 4739 620 4801 μήτε
628 4740 681 4796 τοὺς
688 4739 771 4795 ἀλλους
784 4741 918 4804 ἀνθρώπους
929 4743 980 4791 ἐᾶν.
994 4741 1005 4804 ΙΙ
1019 4769 1046 4778 -
1057 4742 1086 4791 τδ
1101 4743 1142 4805 μέν
1155 4744 1229 4806 παρὸν
1238 4746 1285 4793 ete.
1296 4742 1305 4808 ]
1316 4741 1394 4791 Thuc.
1410 4749 1431 4801 1,
1446 4745 1485 4801 70,
1495 4745 1509 4791 7
1523 4762 1529 4790 ι
1541 4742 1613 4792 uate
1626 4741 1668 4802 μὲν
1677 4743 1705 4790 σῖν
1715 4740 1888 4801 ἐπινοήσαντες

282 4804 315 4864 μὴ
333 4804 454 4865 έέελθωσι,
475 4807 551 4856 οἰκεῖα
570 4809 691 4875 στέρεσθαι
710 4814 830 4870 ἡγοῦνται,
853 4811 870 4858 δ
886 4810 908 4859 δ’
928 4812 957 4860 ἂν
971 4811 1102 4869 έπελθόντες
1111 4813 1258 4871 κτήσωνται,
1271 4812 1340 4873 ὀλίγα
1351 4812 1408 4875 πρὸς
1416 4812 1446 4860 τὰ
1458 4813 1571 4874 μελλοντα
1583 4816 1662 4875 τυχεῖν
1675 4810 1812 4873 πράξαντες.
1828 4811 1840 4871 0
1854 4840 1888 4850 -

281 4872 392 4937 έλάχιστα
407 4875 447 4937 μέν
457 4875 767 4942 ἀπολαύοντεςσίσ.]Τέιιισ.
782 4883 802 4939 1,
813 4883 854 4938 70,
870 4883 904 4930 θι
919 4881 958 4928 καί
972 4881 1133 4930 ἀπολαύουσιν
1153 4881 1268 4944 έλάχιστα
1283 4882 1322 4931 διὰ
1340 4882 1368 4929 τὸ
1381 4881 1418 4929 ἀεὶ
1430 4880 1565 4945 κτᾶσθαι]
1587 4906 1618 4917 -
1631 4884 1680 4936 τοῖς
1700 4881 1741 4941 μὲν
1758 4881 1887 4946 σώμασιν]

281 4941 360 4994 Thue.
386 4948 407 5005 l,
427 4946 467 5005 70,
485 4950 500 4994 0
515 4966 522 4996 ι
541 4946 576 4996 έτι
589 4948 615 4996 δέ
631 4954 682 5005 τοῖς
694 4948 736 5011 μὲν
751 4948 848 5011 σώμασι
868 4949 1059 5012 ἀλλοτριωτάτοις
1077 4952 1136 5015 ὑπὲρ
1158 4957 1198 5010 τῆς
1217 4952 1307 5007 πόλεως
1333 4956 1448 5014 χρῶνται,
1469 4956 1499 5014 τῇ
1514 4952 1596 5014 γνώμη
1616 4950 1642 4999 δέ
1659 4949 1795 5012 οῖκειοτάτη
1812 4951 1837 5008 ἐς
1855 4956 1887 5004 τὸ

282 5012 395 5072 πράσσειν
411 5030 433 5062 τι
447 5015 505 5080 ὑπὲρ
514 5016 594 5075 αὐτῆς.
609 5016 620 5081 ss
636 5046 667 5059 -
678 5018 834 5083 μοχθοῦντες]
849 5019 926 5069 Thue.
942 5025 963 5079 1,
974 5023 1013 5080 70,
1028 5025 1042 5069 8
1057 5039 1063 5070 :
1077 5020 1107 5071 δι’
1118 5023 1174 5072 δλου
1183 5024 1317 5078 τσῦαῐῶνσς
1330 5024 1466 5084 μοχθοῦσιν.
1943 5020 1944 5041 ¹

311 5079 326 5142 §
340 5085 375 5131 10.
393 5087 447 5134 Τῶν
465 5086 597 5150 ἡμετέρων]
611 5087 727 5152 001030,
747 5094 814 5151 ἡμῶν
828 5089 884 5139 cod.
902 5092 912 5153 [Ι
930 5115 961 5130 -
977 5091 992 5153 §
1012 5095 1048 5142 14.
1065 5094 1180 5157 ἀκαιρίαις
1192 5094 1228 5143 ἀεῖ
1243 5091 1399 5157 ὶπιφυομένη]
1409 5092 1447 5143 Cf.
1461 5097 1523 5153 16,ss
1545 5106 1552 5140 :
1570 5096 1618 5147 τοῖς
1640 5094 1708 5154 ἡμῶν
1724 5092 1886 5155 έπερυομένην

282 5151 384 5212 σαθροῖς,
399 5156 473 5215 uque
491 5168 513 5205 e.
530 5160 571 5217 48,
583 5162 598 5207 0
608 5157 633 5206 iu
645 5157 692 5208 elie
708 5159 867 5210 Meehemeu's
882 5160 991 5211 erutione
1011 5180 1017 5212 :
1036 5162 1104 5212 πόλιν
1115 5164 1203 5227 ἐχθρῶς
1221 5164 1324 5226 ἔχουσαν
1339 5166 1397 5225 ἡμῖν
1419 5163 1443 5217 lt
1460 5164 1533 5227 ἀρχῆς
1548 5163 1588 5211 καὶ
1600 5163 1635 5211 ἀεὶ
1657 5163 1815 5224 έκερυομένην
1833 5170 1887 5221 τοῖς

281 5218 399 5281 femme:
421 5225 501 5305 καλοῖς
515 5225 575 5290 (λος.
595 5228 692 5291 κακοῖς)
706 5230 745 5278 καὶ
759 5230 835 5279 πάντα
854 5230 939 5292 τρόπον
954 5231 1149 5282 έπιάουλεύουσαν
1160 5235 1201 5292 τήν
1212 5235 1326 5295 ἡμετέραν
1338 5233 1420 5297 ἀρχήν.
1434 5232 1445 5296 Ι]
1456 5232 1509 5295 -§
1526 5236 1554 5282 15
1564 5229 1728 5296 Πυρηναίοις]
1739 5233 1886 5295 Πυριναίονς

281 5290 306 5338 νῑ
323 5300 381 5338 1001
397 5292 539 5357 Κῑοτήόιοιε
559 5295 645 5348 codex.
668 5298 679 5362 u
699 5327 729 5342 ·-
748 5301 810 5351 κατὰ
825 5301 884 5366 γῆν]
902 5303 962 5353 Huc
976 5301 1002 5352 in
1020 5304 1130 5367 margine
1149 5303 1299 5368 supplentur.
