3906 6034
860 491 1018 554 JOANNIS
1038 492 1272 555 ANTIOCHENI

506 661 561 720 τι]
584 671 611 711 e.
636 651 697 729 [an.
716 652 799 729 lin]

308 798 374 860 ’Ὅτι
388 798 518 858 συνεκύκα
531 798 601 858 κατά
618 797 662 857 τὸν
678 798 755 858 αὐτόν
774 798 867 879 χρόνον
884 799 942 877 (ατε.
958 800 1039 882 διδ.)

273 887 304 948 rt
314 885 383 946 κατά
392 886 440 958 τὴν
451 883 560 967 Θράκην
574 887 738 965 Βιταλιανδς,
746 885 926 965 ἀνθρωπίσκος
941 888 1041 969 βραχύς

271 975 315 1034 καὶ
328 972 438 1053 τραυλός
451 972 498 1045 τλν
513 973 600 1054 ρωνλν
615 972 660 1031 καί
674 973 720 1039 τάς
737 973 820 1053 ἄκρας
831 982 885 1033 τοῖν
901 975 1040 1056 βλεράροιν

271 1059 498 1137 ῦποκεκαυμίνος,
509 1062 562 1128 υίδς
575 1060 611 1120 ὢν
627 1061 820 1141 Πατρικιόλου,
834 1062 948 1142 πατρίδα
961 1066 1041 1144 ἐσχη-

268 1151 340 1218 κότος
366 1149 494 1211 Ζάλδαδα
514 1153 560 1220 τῆς
581 1149 654 1207 κάτω
668 1148 772 1216 Μυσίας
795 1148 913 1228 πόλισμα
940 1150 1037 1231 βραχύ.

268 1232 352 1308 ola<
371 1236 460 1310 ἐπειδὴ
486 1238 519 1297 τὰ
542 1236 628 1296 πολλδι
644 1235 831 1318 συνδιατρίδων
857 1246 910 1305 τοῖς
931 1236 1039 1305 Οὐννοις

269 1328 431 1409 ἑτοιμότερος
462 1326 527 1407 πρδς
563 1326 687 1384 ἀπόνοιαν
721 1327 836 1404 ἠγγελθη
864 1330 902 1406 τῷ
939 1329 1041 1404 βασιλεῖ

270 1415 425 1494 (ἀφαιρεθείς
438 1414 489 1494 γάρ
503 1412 629 1484 σιτήσεως
650 1413 777 1491 δημοσίας
803 1416 855 1472 τῶν
874 1413 1040 1491 καλουμένων

269 1505 455 1584 ροιδερατικῶν
488 1500 658 1581 ἀνθρώπων),
681 1504 811 1579 εἰσηγεῖτο
836 1510 890 1568 τοῖς
920 1501 954 1560 τδι
980 1503 1040 1582 περὶ

270 1591 382 1652 Σκυθίαν
397 1589 443 1650 καὶ
457 1588 567 1671 Θρᾴκην
590 1592 720 1669 πληροῦσι
743 1590 881 1668 τάγματα,
902 1591 1040 1670 δυσχεραί-

268 1703 339 1739 νουσι
350 1680 398 1757 μὲν
412 1678 457 1737 καί
470 1676 496 1746 ἐξ
506 1679 605 1736 ἑαυτῶν
619 1679 659 1758 ἐρ’
672 1665 710 1743 οίς
724 1676 839 1756 ἔπασχον
854 1677 919 1756 πρὸς
931 1683 976 1736 τοῦ
991 1679 1039 1748 την

268 1766 428 1846 στρατηγίαν
447 1765 549 1844 ἔχοντος
564 1763 709 1838 Ὑπατίου,
725 1765 770 1822 καί
785 1766 817 1836 δν]
839 1764 922 1823 πείθει
945 1764 1040 1844 βαδίως

267 1854 296 1913 τὸ
309 1858 410 1935 πρῶτος
430 1852 507 1931 ἄρξαι
526 1854 578 1910 τῶν
596 1852 826 1933 παρανομωτάτων
851 1853 896 1911 καί
919 1852 1039 1912 ἐπέκεινα

267 1942 381 2021 τολμης·
392 1941 451 2007 τούς
465 1940 515 2018 γάρ
530 1944 567 2020 τῷ
589 1944 728 2020 στρατηγῶ
744 1939 949 2021 παρεδρεύοντας
964 1946 1040 2002 Κων-

269 2031 403 2089 σταντῖνόν
417 2053 475 2089 τινα
500 2032 530 2088 ἐκ
544 2028 641 2097 Λυδίας
660 2030 705 2088 καί
723 2030 878 2108 Κελεαρῖνον
898 2029 1038 2111 φονεύσας,

269 2117 307 2174 ἐτι
321 2117 367 2175 καὶ
389 2115 533 2185 Μαξίντιον
560 2116 604 2174 τὸν
627 2121 672 2174 τοῦ
691 2115 853 2191 καλουμένου
867 2116 978 2189 Δουκδς,
992 2116 1039 2189 τὴν

270 2206 369 2261 Μυσῶν
385 2202 607 2282 ἐπιτετραμμένον
629 2199 723 2280 ἀρχὴν,
738 2201 894 2284 διαφθείρει,
911 2202 956 2262 καὶ
971 2201 1037 2281 [τὸν]

270 2295 308 2372 τῷ
329 2295 469 2372 στρατηγῷ
480 2292 613 2366 σύμπνουν
632 2291 676 2348 καὶ
690 2293 725 2357 είς
737 2288 841 2349 ἅπαντα
853 2289 1040 2370 κεχαρισμένον

271 2382 384 2459 Καρῖνον
406 2380 526 2457 συσχδιν,
540 2383 586 2451 τῆς
604 2384 650 2436 τοῦ
675 2376 712 2450 μὴ
730 2378 828 2437 ἀνελεῖν
842 2378 949 2457 χάριτος
962 2376 1040 2455 κομί-

270 2471 340 2535 ζεται
355 2468 437 2546 δῶρον
448 2465 479 2525 τδ
491 2464 641 2544 συμπρᾶξαί
655 2468 679 2525 σί
701 2464 763 2545 πρδς
777 2465 824 2538 τὴν
848 2468 893 2535 τῆς
906 2464 1038 2526 Ὀδυσσοῦ

269 2557 314 2615 καὶ
327 2552 375 2626 τ’ῆς
387 2554 546 2633 στρατηγίας
561 2553 696 2626 ἐξουσίαν,
711 2554 933 2633 καταρημίσαντα
944 2558 978 2621 ῶς
997 2551 1037 2623 είη

270 2647 341 2725 αὐτῷ
354 2646 388 2703 vt
407 2648 454 2715 τῆς
475 2641 615 2720 ἡγεμονίας
634 2641 861 2721 ἐπιτετραμμένα,
877 2643 1038 2720 παραδοῦναι

270 2732 357 2792 δίκα]
374 2731 468 2790 όπόσον
483 2722 515 2802 ἦν
531 2733 595 2810 παρ’
613 2733 683 2811 αὐτῷ
699 2730 817 2810 χρυσίον.
834 2730 934 2796 Πείσας
950 2720 993 2789 οὐν
1009 2732 1038 2789 ἐκ

269 2820 366 2880 τούτων
382 2812 500 2886 ἅπαντας
516 2819 622 2897 βλέπειν
637 2821 672 2885 είς
687 2818 777 2890 αὐτόν,
791 2817 960 2895 συναθροίσας
971 2820 1039 2901 ἀμρί

268 2908 314 2975 τάς
326 2907 348 2966 ν’
362 2908 483 2987 χιλιάδας
503 2909 653 2984 πολεμικῶν
673 2929 703 2964 τε
727 2907 772 2965 καὶ
796 2905 923 2986 ἀγροίκων
941 2908 1039 2987 ἀνδρῶν

267 3002 301 3072 τῇ
325 2995 525 3056 Κωνσταντίνου
545 2997 686 3074 προσάγειν
705 2995 857 3073 ἠγγελλετο.
903 2994 939 3075 (a)
955 2994 990 3055 Ὁ
1011 2996 1038 3054 δὲ

270 3084 407 3163 βασιλεῦς,
419 3083 466 3142 καί
480 3082 506 3151 ἐξ
524 3073 561 3142 ῶν
579 3083 687 3162 ίναγχος
702 3082 838 3142 ἐπεπόνθει
856 3082 921 3160 πρὸς
940 3082 1038 3142 δειλίαν

269 3171 433 3250 κατενεχθεὶς
444 3170 489 3229 καὶ
507 3172 545 3249 τῷ
557 3169 697 3249 παραδόξῳ
712 3173 763 3227 τῶν
777 3169 954 3247 περιστάντων
968 3172 1039 3251 αὐτῷ

270 3257 460 3336 δυσχεραίνων,
470 3253 578 3334 προσέτι
590 3254 618 3313 δέ
633 3256 677 3313 καί
690 3259 728 3334 τῷ
739 3256 840 3314 ἀκούειν
851 3256 910 3323 τούς
921 3255 1040 3323 ἐπιόντας

268 3335 314 3402 τὴν
341 3334 432 3407 δμοίαν
457 3338 505 3403 τῆς
528 3334 666 3410 θρησκείας
698 3334 894 3411 πραύάλλεσθαι
922 3335 1037 3415 μέμψιν,

1094 628 1188 704 τειχῶν
1218 621 1442 702 παρακελεύεται,
1463 622 1604 704 γράμμασι
1634 622 1681 695 τὴν
1708 623 1797 683 αἰτίαν
1821 633 1871 686 τοῦ

1095 713 1236 779 τυπέντος
1252 710 1292 770 ὐπ’
1308 710 1385 770 αὐτόν
1398 711 1508 788 θορύόου
1522 715 1765 790 προκαθιστῶντας,
1778 717 1825 785 τῆς
1843 713 1873 772 δέ

1097 797 1162 878 θπέρ
1181 803 1233 858 τῶν
1249 798 1321 868 ζώων
1342 800 1464 878 εἰσφορᾶς
1481 799 1608 877 τετάρτην
1626 799 1754 878 περιελὼν
1773 804 1872 880 μοῖραν

1095 891 1140 944 τοῦ
1157 887 1272 946 Βιθυνῶν
1294 908 1323 944 τε
1340 886 1385 946 καὶ
1400 885 1524 946 Ἀσιανῶν
1538 886 1638 961 ίθνους,
1656 889 1700 947 τόν
1715 893 1800 947 ταῦτα
1820 891 1872 958 δη-

1095 974 1192 1032 λοῦντα
1209 974 1312 1054 χάρτην
1326 976 1359 1051 τῇ
1374 971 1443 1032 κατά
1459 972 1507 1044 τὴν
1522 974 1706 1053 πρωτεύουσαν
1725 978 1873 1048 ἐκκλησίαν

1096 1063 1154 1142 ἱερᾷ
1168 1062 1282 1141 τραπέζῃ
1297 1060 1381 1141 ρέρων
1397 1060 1540 1136 κατέθηκε,
1556 1062 1602 1121 καί
1617 1066 1663 1134 τῆς
1676 1063 1779 1131 πόλεως
1790 1086 1873 1144 ιρρου·

1095 1147 1141 1226 ράν
1156 1151 1268 1207 ἐποιεῖτο
1279 1147 1322 1206 δεδι
1334 1152 1386 1207 τῶν
1400 1151 1427 1209 έν
1439 1156 1492 1216 τοῖς
1506 1148 1617 1210 τέλεσιν.
1647 1151 1682 1227 (3]
1696 1149 1768 1220 Ἤδη
1781 1152 1809 1210 δὲ
1819 1160 1870 1211 τοῦ

1094 1236 1249 1293 Βιταλιανοῦ
1260 1235 1456 1314 προσβαλόντος
1467 1244 1520 1303 τοῖς
1533 1240 1579 1308 τῆς
1589 1235 1690 1305 πόλεως
1700 1239 1872 1317 προαστείοις

1094 1326 1140 1385 καί
1153 1326 1215 1405 περί
1233 1326 1299 1386 aiil
1312 1327 1346 1384 τά
1365 1327 1441 1407 τείχη
1455 1327 1626 1400 ἐληλακότας,
1641 1327 1778 1388 στέλλεται
1801 1333 1872 1411 πρὸς

1095 1414 1173 1473 αὐτὸν
1198 1414 1341 1496 Πατρίκιος
1356 1418 1371 1472 δ
1384 1415 1546 1494 στρατηγὸς,
1567 1413 1625 1491 ἅμα
1649 1414 1697 1490 μὲν
1710 1419 1745 1481 ῶς
1765 1417 1873 1496 προση-

1095 1505 1185 1570 κοντός
1203 1506 1227 1562 οἱ
1240 1504 1286 1564 ’δεδι
1306 1502 1354 1574 τὴν
1370 1505 1453 1585 ἀρχὴν
1472 1509 1517 1563 τοῦ
1540 1505 1640 1562 τοιοῦδε
1661 1503 1756 1583 λόγου,
1769 1507 1828 1581 ἅμα
1844 1505 1874 1566 δέ

1095 1590 1140 1650 καί
1158 1594 1193 1657 ὡς
1212 1590 1277 1671 γέρρι
1297 1592 1420 1673 προύχων
1434 1591 1479 1650 καί
1493 1589 1629 1663 ἀξιώσασι,
1642 1592 1689 1650 καί
1701 1595 1773 1673 αὐτῷ
1788 1594 1816 1652 δὲ
1828 1599 1872 1674 τῷ

1093 1680 1241 1758 Βιταλιανῷ
1252 1678 1328 1758 μέρος
1344 1681 1373 1738 οὐ
1388 1678 1480 1759 μικρὸν
1491 1682 1538 1749 τῆς
1552 1678 1696 1757 εὐπραγίας
1714 1680 1872 1756 γενόμενος·

1093 1766 1133 1838 ὃς,
1149 1767 1237 1838 ἐπειδὴ
1257 1769 1321 1846 παρ’
1336 1767 1412 1826 αὐτὸν
1427 1758 1490 1838 ἦλθε
1502 1766 1548 1824 καλ
1562 1771 1594 1845 τῇ
1611 1769 1641 1826 ἐκ
1656 1770 1701 1836 τῆς
1717 1768 1872 1847 εὐεργεσίας

1093 1855 1229 1936 παρρησίη
1242 1855 1394 1936 καθήψατο,
1407 1854 1440 1914 τά
1455 1853 1542 1913 εἰκότα
1556 1853 1649 1925 ἤκουεν
1667 1858 1702 1920 ὡς
1715 1844 1758 1911 οἷα
1778 1856 1873 1914 πολλὰ

1094 1940 1244 2022 προηνέχθη
1258 1940 1289 2000 έκ
1303 1965 1332 2000 τε
1345 1945 1397 2002 τῶν
1416 1940 1464 2013 τὴν
1481 1940 1616 2021 βασιλείαν
1636 1943 1806 2020 ἐσχηκότων,
1821 1945 1873 2000 καὶ

1092 2034 1137 2089 νῦν
1159 2029 1231 2101 ἥκειν
1250 2028 1343 2097 αὐτοὺς
1357 2029 1491 2106 δεομένους
1506 2030 1716 2107 ἐπανορθωθῆναι
1741 2028 1788 2106 μὲν
1807 2033 1865 2088 τῶν

1094 2116 1265 2194 ἀδικημάτων
1277 2121 1323 2175 τοῦ
1338 2120 1384 2188 τῆς
1403 2118 1518 2196 Θρᾳκῶν
1534 2120 1697 2193 στρατηγοῦ,
1713 2121 1869 2195 κυρωθῆναι

1093 2204 1121 2264 δέ
1135 2204 1181 2262 καί
1195 2203 1242 2276 τὴν
1256 2206 1336 2284 ὀρθῶς
1347 2201 1461 2282 ἔχουσαν
1472 2208 1518 2263 τοῦ
1532 2204 1601 2261 θείου
1615 2202 1700 2271 δόξαν.
1728 2206 1760 2280 (t)
1780 2206 1826 2282 Τῇ
1839 2205 1871 2262 δὲ

1095 2292 1220 2372 ὑστεραίᾳ
1235 2294 1285 2350 τῶν
1301 2293 1327 2350 ἐν
1343 2290 1458 2374 πρόκιοις
1471 2291 1545 2370 παρὰ
1558 2295 1604 2350 τοῦ
1620 2290 1747 2370 βασιλέως
1761 2294 1872 2364 εἰσκλη-

1095 2379 1190 2438 θέντων
1203 2377 1250 2437 καί
1267 2381 1485 2459 παραγενομένων
1500 2381 1657 2440 Βιταλιανοῦ
1672 2379 1751 2459 χωρὶς
1766 2384 1870 2460 [τοῦτον

1093 2465 1144 2546 γάρ
1159 2466 1218 2527 οὐδὲ
1231 2465 1294 2526 τίσω
1312 2466 1358 2539 τῆς
1373 2466 1474 2536 πόλεως
1491 2467 1610 2544 γενέσθαι
1635 2466 1733 2545 ἔπεισε]
1743 2509 1751 2536 ,
1762 2466 1796 2524 τδι
1820 2468 1872 2543 μὲν

1094 2553 1273 2631 ἐπεγκαλίσας
1288 2558 1301 2612 δ
1317 2552 1439 2631 βασιλεὺς
1451 2554 1496 2613 καί
1512 2557 1546 2622 ῶς
1567 2553 1648 2630 μηδὲν
1662 2554 1874 2635 όλιγωρηθέντας

1093 2640 1242 2722 διελέγξας,
1254 2641 1288 2701 τδι
1302 2642 1329 2700 δὲ
1348 2642 1540 2721 ἐκθεραπεύσας
1556 2643 1648 2723 δώροις
1662 2667 1691 2702 τε
1705 2644 1797 2721 καίτῇ
1816 2646 1873 2702 τῶν

1092 2730 1266 2810 ὀφειλομένων
1288 2730 1446 2811 ἐπαγγελίᾳ,
1467 2730 1536 2799 ἄξειν
1555 2754 1583 2789 τε
1605 2734 1785 2811 ὑποσχόμενος
1809 2732 1872 2800 τούς

1093 2823 1138 2890 τῆς
1151 2816 1328 2898 πρεσῦυτέρας
1340 2817 1448 2897 Ῥώμης
1461 2818 1493 2878 τά
1506 2820 1624 2898 περὶτῆς
1635 2819 1708 2891 δόξης
1723 2825 1773 2878 τῶν
1785 2822 1867 2899 ίερῶν

1093 2905 1322 2979 καταστήσοντας,
1339 2906 1509 2986 ἀπέπεμψεν,
1525 2905 1615 2988 όρκους
1636 2912 1701 2987 ῦπέρ
1720 2912 1766 2978 τῆς
1790 2909 1816 2973 ἐς
1836 2907 1870 2966 τὸ

1093 2992 1184 3053 λοιπὸν
1199 2993 1299 3061 εὐνοίας
1315 2996 1400 3053 αὐτῶν
1416 2994 1616 3071 ἀποδεξάμενος.
1632 2998 1668 3055 oi
1686 2994 1712 3053 δέ
1727 2999 1764 3076 τῷ
1781 2997 1869 3054 Bisa-

1093 3084 1175 3161 λιανῷ
1199 3081 1382 3161 συγγενόμενοι
1406 3081 1582 3150 ἀναλαόόντες
1605 3083 1682 3142 αὐτόν
1711 3105 1738 3140 τε
1763 3082 1809 3140 καὶ
1835 3083 1870 3141 τὸ

1093 3170 1192 3238 πλῆθος
1210 3167 1322 3249 ᾤχοντο.
1349 3168 1382 3248 te)
1400 3172 1434 3229 ‘O
1449 3169 1476 3228 δέ
1492 3167 1614 3248 βασιλεὺς
1628 3167 1793 3236 Ἀναστάσιος
1817 3170 1873 3242 τὴν

1093 3260 1145 3314 τῶν
1161 3260 1186 3315 ἐν
1200 3257 1297 3336 Θράκῃ
1319 3258 1418 3315 στόλων
1434 3257 1593 3335 στρατηγίαν
1612 3259 1732 3337 Κυρίλλῳ
1749 3258 1874 3335 παραδί-

1095 3345 1193 3416 δωσιν,
1219 3347 1266 3403 οὐκ
1299 3344 1434 3426 ἀσυνέτῳ,
1466 3344 1524 3404 οὐδέ
1559 3347 1701 3421 πολεμικῆς
1729 3344 1876 3421 ἐμπειρίας

269 3419 395 3499 σταυρούς
409 3418 457 3497 μίν
472 3423 502 3477 ἐκ
515 3421 616 3498 χαλκοῦ
628 3423 744 3498 παγῆναι
759 3419 824 3499 ὑπέρ
838 3419 884 3486 τδς
894 3420 978 3485 πύλας
988 3424 1038 3478 τῶν
1096 3426 1204 3498 ἀμαθεῖ.
1218 3422 1319 3482 Ἐλθὼν
1335 3424 1361 3483 δὲ
1377 3428 1391 3482 ό
1406 3424 1534 3502 Κύριλλος
1548 3426 1617 3483 κατδι
1633 3423 1739 3484 Μυσίαν
1749 3421 1795 3481 καὶ
1810 3427 1876 3482 ἐπι-

299 3587 339 3634 Fr.
353 3589 398 3635 214
409 3600 432 3637 e.
443 3586 593 3636 Vitalianum
603 3585 695 3635 bellum
704 3599 776 3635 nemo
790 3588 877 3635 Nostro
889 3585 1031 3650 exposuisse
1039 3587 1137 3639 vtdelur
1150 3588 1259 3639 uberius.
1272 3590 1399 3639 Summam
1408 3589 1462 3652 ejus
1471 3589 1506 3639 its
1521 3589 1591 3641 dedit
1605 3589 1760 3640 Marcellinus
1776 3589 1875 3642 chrum

268 3653 313 3704 sub
324 3668 364 3704 an.
378 3660 433 3715 514,
447 3658 563 3707 Senatme
573 3656 626 3706 solo
637 3656 737 3705 consule
748 3675 755 3704 ε
774 3658 921 3706 Vitalianus
937 3655 1033 3720 scytia
1043 3660 1166 3709 asseratis
1174 3662 1354 3708 Romanorum
1363 3662 1481 3722 equitnm
1491 3660 1658 3724 peditumque
1661 3661 1725 3723 ptus
1732 3672 1813 3724 quam
1826 3662 1879 3714 ix

268 3725 382 3775 millibus
406 3727 574 3776 armatorum
590 3728 619 3775 ln
633 3724 722 3775 triduo
746 3728 974 3790 commotorum,
988 3727 1091 3778 auxillo
1102 3731 1130 3779 in
1142 3728 1229 3779 iociim
1239 3730 1284 3791 qul
1297 3730 1427 3792 Septiraus
1438 3728 1544 3792 dicitur,
1553 3730 1662 3781 advenit
1676 3729 1765 3793 iiiique
1777 3732 1873 3780 eastra

267 3798 381 3847 nri-tatus
392 3796 633 3861 est5dtsqosittsque
645 3810 663 3846 a
675 3799 745 3846 mori
756 3799 785 3846 in
795 3810 869 3846 mare
879 3810 988 3848 suorum
1001 3798 1151 3862 ordinibus,
1164 3802 1219 3862 ipse
1231 3796 1268 3848 ad
1281 3810 1362 3861 usqne
1373 3802 1496 3862 partam,
1511 3810 1568 3864 qure
1583 3800 1678 3850 Aurea
1690 3799 1799 3859 dieitur,
1811 3796 1874 3851 sinis

267 3866 346 3917 allisa
369 3869 474 3917 accessit
498 3867 649 3931 ἀὶερεινδὲος
668 3867 764 3916 scilieet
788 3879 836 3930 pro
848 3866 1057 3918 orimdoaoram
1074 3882 1102 3919 se
1110 3866 1162 3933 filie
1171 3880 1273 3932 proque
1287 3867 1440 3918 Macedonio
1454 3868 1528 3918 urbis
1541 3871 1675 3932 episeopo,
1690 3871 1825 3917 incassiim
1835 3872 1876 3919 atr

267 3938 412 3987 Anastasio
426 3940 548 4001 principa
565 3938 672 3987 exulato
680 3974 690 4000 ,
708 3938 1237 4002 cointantlempolimuecessisseammaim.
1247 3937 1478 3988 PorroAnastasii
1488 3936 1703 3989 simulationibus
1716 3939 1798 4001 atque
1806 3951 1877 4001 per-

260 4006 343 4066 juriis
351 4021 398 4069 per
413 4006 580 4058 Ttieodorum
593 4010 786 4058 internuntium
800 4009 901 4057 tilectus
913 4011 993 4072 atque
1004 4009 1110 4072 illusus,
1120 4010 1215 4059 octavo
1228 4007 1362 4070 alequam
1374 4008 1467 4059 urbem
1479 4009 1634 4067 emerserat,
1646 4010 1787 4058 remeauit.
1801 4012 1878 4060 Hinc

267 4076 392 4139 oiiqssam
407 4082 502 4127 Masta
520 4080 652 4128 ciuitatem
671 4078 817 4127 Vitalianus
826 4081 985 4142 pernoctans
1006 4081 1066 4129 astu
1085 4081 1218 4140 lnqressur
1238 4081 1284 4128 ast.
1300 4076 1445 4141 cyrillum,
1464 4079 1657 4129 lenocinantem
1677 4079 1763 4141 maqis
1784 4091 1873 4141 quam

266 4149 400 4197 strenuum
412 4148 512 4198 iutilia
520 4147 668 4208 duetorem,
679 4149 747 4197 iuter
758 4145 826 4197 duos
835 4149 944 4212 pellices
958 4148 1101 4199 Vitalianus
1115 4151 1212 4212 reperit
1222 4148 1407 4211 tarentasiam,
1416 4161 1529 4213 nemque
1539 4148 1699 4199 abstractum
1707 4160 1772 4196 moa
1782 4149 1878 4198 cultro

269 4217 353 4265 Getico
363 4216 517 4280 juqulauit,
528 4216 678 4281 hostemque
691 4230 717 4267 m
727 4218 872 4269 Anastasio
884 4220 1079 4282 cesanpalam
1089 4220 1229 4284 aperteque
1241 4216 1404 4268 exiliuit-
1417 4218 1486 4269 idem
1499 4217 1531 4268 ad
1543 4231 1585 4271 aa.
1597 4222 1652 4277 ltu,
1662 4216 1795 4268 Anthemio
1807 4230 1875 4269 eon·

265 4285 318 4334 sule
334 4304 340 4333 ε
357 4285 504 4336 Vitalianus
526 4285 611 4335 eluiem
632 4287 770 4336 Anastasio
788 4288 851 4351 imp.
872 4290 1016 4338 immanior
1039 4289 1127 4353 sactus
1142 4290 1180 4339 est
1194 4290 1331 4353 inimicus;
1340 4291 1481 4350 prmrnissis
1495 4291 1591 4354 quippe
1606 4299 1718 4339 suorum
1735 4288 1863 4351 equititm

265 4356 423 4418 armatisque
432 4354 563 4405 naviculis
578 4355 682 4403 sinistro
699 4354 747 4405 sili
766 4357 842 4407 litore
857 4359 1136 4422 occurrentibus„ipse
1144 4358 1270 4422 peditum
1281 4361 1365 4410 armis
1375 4362 1488 4424 stipatus
1497 4360 1670 4411 sosthenen&
1683 4359 1817 4423 praelium
1830 4362 1876 4411 la·

265 4427 422 4487 qressusesi,
433 4427 561 4489 totiusque
578 4425 628 4474 loci
635 4425 773 4488 palatium
790 4424 883 4477 holuit
900 4431 1071 4478 mansionem.
1091 4430 1164 4478 Missi
1183 4432 1247 4478 sunt
1270 4428 1306 4479 ad
1323 4429 1489 4480 Vitalianum
1509 4444 1527 4480 a
1547 4432 1649 4479 casare
1660 4430 1811 4489 salutares,
1828 4434 1879 4495 qul

262 4498 337 4559 pacis
356 4508 417 4545 cum
438 4508 468 4545 eo
489 4495 554 4558 leqer
578 4498 772 4557 componerent.
798 4500 948 4560 itonaqinta
974 4501 1036 4549 auri
1048 4498 1154 4563 pondo,
1176 4501 1292 4564 sareptis
1304 4499 1437 4562 reqalilns
1456 4500 1625 4560 muneribus,
1639 4511 1691 4563 pro
1701 4500 1793 4562 pretio
1808 4503 1879 4552 lune

264 4568 366 4630 accepit
385 4568 512 4629 Hypani,
522 4567 584 4628 jam
598 4565 672 4615 mille
691 4570 793 4617 centnm
810 4570 871 4618 auri
890 4569 962 4619 libris
975 4582 1035 4619 curn
1054 4573 1153 4621 tironio
1167 4573 1274 4632 captiuo
1289 4570 1337 4619 sili
1348 4582 1365 4619 a
1377 4573 1431 4620 suls
1444 4572 1472 4619 in
1485 4570 1604 4633 sozopoli
1622 4568 1726 4619 oblatis.
1740 4571 1880 4632 ltaqister·

264 4639 380 4688 rnilitum
401 4637 549 4687 Vitalianus
560 4651 609 4701 por
631 4635 772 4688 Thraciam
789 4638 878 4701 sactus
894 4642 1057 4703 Hypatium,
1077 4654 1153 4704 quem
1170 4642 1306 4704 captiuum
1322 4641 1525 4703 catenatumque
1542 4638 1617 4702 apuu
1632 4642 1710 4688 iteres
1727 4638 1879 4690 castelium

263 4706 383 4770 tenebat,
394 4720 512 4757 reuersus
522 4721 571 4758 suo
583 4710 683 4757 remisit
695 4710 838 4760 auunculo.
854 4708 865 4773 ΙΙ
879 4710 1193 4776 -Πατρικιδλοηκδμητος
1208 4709 1347 4773 φοιδιράτων
1356 4711 1401 4769 ,ut
1413 4710 1581 4774 Theophanes,
1595 4723 1618 4773 p.
1635 4713 1690 4769 243,
1707 4712 1731 4771 3,
1740 4708 1812 4758 dinit.
1828 4710 1875 4759 ci.

263 4778 366 4843 Ρτοωρ.
378 4780 406 4829 Β.
417 4782 497 4841 Pers,
507 4793 531 4844 ρ.
542 4784 580 4839 39,
594 4785 629 4832 19.
645 4781 656 4845 11
669 4810 696 4819 -
707 4781 824 4846 liliata]
834 4784 947 4832 Ζάλδαπα
956 4783 1019 4834 inter
1030 4783 1141 4833 Thraciis
1155 4781 1256 4832 castello
1270 4781 1446 4833 mediterranea
1456 4786 1578 4833 memorat
1592 4781 1728 4846 Ρτοεορίυε
1739 4788 1777 4832 De
1790 4781 1877 4846 neit„

263 4860 287 4910 1).
298 4853 353 4910 θθθ,
364 4856 403 4899 22.
416 4850 426 4914 ΙΙ
437 4876 467 4891 -
480 4847 606 4914 ἀφαιρεθεὶς
619 4853 664 4916 γὰρ
676 4852 799 4917 σιτήσεως]
812 4852 904 4903 dietum
922 4866 967 4916 pm
980 4854 1019 4916 ἀρ.
1028 4855 1120 4912 σίτησιν
1135 4854 1175 4904 νε]
1185 4853 1215 4902 τδι
1230 4852 1267 4901 ἐπὶ
1281 4858 1321 4910 τῆς
1331 4854 1453 4913 σιτήσεως.
1473 4853 1484 4915 ΙΙ
1493 4881 1523 4896 -
1534 4853 1654 4916 τάγματα]
1666 4853 1761 4915 τάματα
1779 4852 1874 4902 codex.

268 4918 278 4980 ]Ι
307 4946 326 4955 -
337 4918 397 4984 [τόν]
412 4920 478 4984 quod
489 4924 529 4970 est
542 4924 598 4972 anie
607 4927 642 4985 τῷ
655 4929 789 4986 στρατηγῷ,
802 4922 903 4972 inserui.
916 4922 927 4984 Ι]
942 4949 973 4959 -
986 4929 1028 4981 τῆς
1042 4925 1093 4988 τοῦ]
1107 4926 1149 4983 τὴν
1165 4928 1207 4973 τοῦ
1220 4920 1276 4970 cod.

294 4989 309 5052 §
321 4998 347 5042 2.
359 4991 382 5046 ἐξ
394 4990 437 5056 ὧν]
451 4993 507 5049 titiis
519 4992 573 5041 wd.
587 4993 598 5056 ΙΙ
610 5021 640 5030 -
650 4993 773 5057 περιελὼν]
785 4995 908 5056 περιελθὼν
917 4992 972 5043 ωδ.
986 4993 996 5057 Ι]
1007 5019 1038 5030 -
1051 4992 1187 5058 Πατρίκιος]
1197 4992 1324 5057 Πατρίκιον
1335 4992 1376 5042 τὸν
1392 4992 1475 5056 Φρύγα
1485 4992 1545 5043 dicit
1559 4993 1660 5045 Metellis
1677 5007 1703 5057 p.
1715 4998 1772 5056 iel,
1786 4999 1808 5045 t.

294 5060 310 5182 ξ
324 5064 347 5109 3.
358 5065 406 5111 τῶν
418 5060 578 5125 ἀδικημάτων]
592 5063 696 5113 Videtur
707 5063 836 5127 legendum
846 5063 876 5111 τὰ
888 5063 1031 5127 ἀδικήματα,
1044 5069 1088 5115 aul
1097 5067 1274 5127 linteaminum
1286 5068 1334 5112 τῶν
1348 5061 1507 5123 ἀδικημάτων.

321 5126 344 5170 5.
365 5122 465 5186 στόλων]
484 5126 585 5173 στέλλων
595 5125 650 5174 uod.
664 5125 674 5187 ΙΙ
697 5152 724 5161 -
741 5124 906 5188 ίπεδουλεύθη]
921 5125 1011 5176 Fusius
1032 5126 1087 5176 hmo
1099 5132 1182 5178 narret
1199 5131 1299 5181 Malaios
1317 5145 1341 5195 p.
1354 5136 1409 5181 iot.
1424 5132 1435 5195 ΙΙ
1449 5159 1480 5169 -
1496 5133 1625 5194 διαφθαρεὶς
1643 5131 1711 5196 ξίφει]
1728 5133 1878 5185 vitalianus

266 5204 325 5241 eum
335 5204 393 5242 ense
405 5192 491 5244 Getico
501 5193 626 5257 jugulasse
639 5198 753 5246 namatus
766 5195 831 5259 apud
845 5194 1020 5246 Marcellinum.
1044 5196 1182 5247 &eundum
1198 5200 1346 5265 ioannem§
1367 5204 1395 5251 tt
1414 5202 1522 5252 Tarraco
1545 5203 1650 5251 ilunnus
1670 5203 1711 5251 τὸν
1727 5204 1875 5268 τοῠΚυρίλ-

265 5262 381 5322 λαοφόνον
389 5263 631 5327 αὐτοχειρίηίπραξεν.
643 5267 722 5316 Aliam
731 5279 816 5317 reram
826 5265 913 5316 semem
929 5265 1005 5316 habes
1019 5266 1044 5317 ia
1056 5267 1205 5332 Theophane
1213 5308 1219 5330 ,
1228 5270 1270 5333 qui
1279 5270 1310 5321 ad
1321 5284 1359 5321 un.
1371 5277 1416 5324 512
1426 5272 1457 5324 de
1468 5271 1588 5323 vitaliano
1599 5274 1684 5322 namet
1695 5290 1701 5321 ε
1712 5275 1779 5323 Φασὶ
1792 5276 1818 5324 ti
1833 5277 1875 5326 ὅτι

265 5333 290 5382 ἐν
299 5336 342 5396 μιᾷ
355 5333 459 5395 συμδολῄ
469 5334 499 5389 ἀν’
508 5335 613 5396 χιλιάδας
626 5338 713 5398 (πλεῖον
725 5339 740 5395 ἦ
750 5338 769 5395 i'
775 5338 878 5401 χιλιάδας
893 5339 962 5387 leem
973 5336 988 5401 §
998 5337 1025 5402 9]
1036 5344 1136 5400 στρατοῦ
1146 5341 1270 5402 βασιλικοῦ
1279 5342 1416 5406 ἀκρημνισεν
1428 5343 1471 5392 σὺν
1481 5342 1585 5406 ’λ’πειτὶῳ
1597 5348 1765 5405 στρατηγοῦντι
1779 5345 1878 5407 αὐτῶν,
