3842 6036
256 477 317 539 ῖθθ
712 490 717 497 ·
802 536 806 543 ,
994 464 1124 528 ΡΗΟΤΙΙ

255 606 361 669 πολλῶν
376 601 451 670 έλπίς
466 599 567 678 ἀγαθὴ,
580 597 630 671 όση
652 600 778 679 χαλεπῶν
799 595 896 668 ἀπειλὴ
909 595 956 656 καί
972 596 1032 655 δει-
1086 596 1178 679 τηρίας
1187 595 1260 669 ἠξίου
1271 596 1391 676 γενέσθαι
1403 595 1450 654 καὶ
1466 594 1531 676 πρδς
1542 599 1586 655 τοῦ
1605 594 1738 654 τῶνόλων
1756 597 1862 656 ἀκοῦσαι

170 756 182 777 ,
258 694 349 774 μάτων
372 693 471 764 πλῆθος
488 688 649 768 περικλύσαν
671 686 706 748 τά
723 686 813 766 κύκλῳ
831 683 879 755 τῆν
893 684 942 758 σὴν
956 708 1033 766 περι·
1089 689 1148 745 θεοῦ
1160 688 1196 750 ῶς
1210 712 1223 738 κ
1238 684 1282 745 έίεν
1296 688 1422 765 εὖρεθῶσι
1435 687 1511 763 έντῇ
1527 685 1602 744 πόλει
1616 684 1738 758 δέκα,ού
1752 683 1790 761 μῆ
1803 686 1862 743 ἄπο

256 780 351 854 ῦόητον
365 777 527 840 ἐταπείνωσε
541 776 626 846 δόξαν.
651 774 700 854 (τε)
714 773 843 840 Ὦπσλις
859 770 1034 852 βασιλεύουσα
1086 766 1157 835 λέσω
1172 774 1258 834 ένεκεν
1281 777 1333 833 τῶν
1348 772 1411 833 δέκα
1429 774 1514 855 (Gen.
1536 775 1583 846 ιδ,
1601 774 1663 852 3ο).
1681 801 1694 826 ι
1737 775 1785 853 (νε)
1807 778 1863 835 ίλίκ

256 874 350 951 μιαροῦ
373 866 515 945 συμπάσης
538 869 584 937 τῆς
606 863 779 941 οἰκουμένης,
795 853 847 929 οἷός
868 885 898 921 ⁶2
923 861 1033 940 στρατὸς
1086 863 1157 923 ἔστιν
1171 854 1362 937 σ’ύνΜωυσῆς,
1373 863 1421 921 οὒκ
1433 861 1503 922 ἐστιν
1514 859 1653 940 Ἁόραάμ·
1668 861 1727 919 ἀλλ’
1738 860 1783 918 ἐὰν
1794 861 1863 935 ὑμεῖς

193 994 198 1001 ·
257 957 454 1037 όστρατήγητος
474 955 520 1014 καί
545 955 670 1021 δουλικῶς
689 949 907 1028 ἐνεσκευασμένος
926 954 961 1018 ῶς
976 951 1033 1009 δου-
1089 951 1217 1032 βοόλησθε
1235 951 1392 1031 (παράδοξον
1413 949 1461 1028 μὲν
1475 953 1542 1028 ἐρῶ,
1556 948 1649 1020 ἀληθὲς
1661 949 1718 1020 δέλ,
1734 948 1805 1024 ὅμως
1817 947 1862 1008 δό-

254 1044 380 1105 λνῦυυσαν
400 1043 598 1123 έκμνκτηρέζῑῑς
611 1041 652 1102 Ὦ
666 1040 742 1107 “OM
761 1039 867 1099 πολλῶν
884 1040 963 1096 έθνῶν
982 1036 1033 1097 λοί-
1087 1047 1165 1100 νασθε
1180 1044 1240 1117 ύμῖν
1257 1043 1357 1106 ἑαυτοῖς
1380 1036 1745 1116 Μωυσέαηπαρασκευάσαι,
1756 1036 1861 1096 δύνασθε

195 1152 200 1163 '
257 1133 345 1213 φόροις
357 1133 602 1211 ίκλαμπρυνθεῖσα,
616 1121 669 1190 οἷον
681 1133 880 1208 λαφυραγωγεῖν
894 1149 924 1185 σε
936 1125 1035 1196 διενοή·
1088 1127 1211 1209 Ἁόρσάμ
1231 1126 1322 1196 δεῖξαι.
1366 1127 1421 1189 Καὶ
1442 1129 1559 1196 Μωυσῆς
1582 1124 1651 1204 γάρ,
1672 1122 1861 1204 άνεπιστρόφως

257 1244 323 1282 σατν
339 1218 457 1295 έθννιῑῶ
476 1217 562 1278 πολλόν
577 1216 731 1293 ῦῑηννμένη
753 1213 821 1274 κατὰ
835 1217 887 1274 τῶν
902 1213 1035 1292 πολεμίων
1089 1217 1194 1296 ἔχοντος
1217 1221 1262 1275 τοῦ
1282 1217 1362 1288 λαοῦ,
1378 1214 1459 1275 δεινόν
1474 1213 1548 1273 οὔπω
1562 1214 1662 1288 δεινόν,
1679 1217 1703 1273 εἰ
1716 1212 1861 1293 πρεοόεόων

144 1382 149 1389 ,
258 1310 388 1390 Εὐρώπης
410 1332 437 1367 τι
461 1307 506 1367 καί
520 1306 608 1373 Ἀσίας
629 1306 676 1364 καί
699 1303 801 1375 Λιόύης
821 1303 952 1381 τρόπαια,
966 1301 1036 1369 όπως
1091 1304 1273 1383 παρηκούετο·
1291 1304 1350 1362 ἀλλ’
1361 1304 1445 1361 έκεῖνο
1470 1303 1531 1361 λίαν
1555 1300 1684 1383 φοόερδν,
1699 1306 1734 1369 ὡς
1758 1299 1862 1368 πολλοὺς

257 1402 301 1455 νῦν
317 1396 361 1458 ἐπὶ
373 1395 403 1456 σί
414 1393 566 1476 βαρόαρικῆ
580 1394 627 1453 καὶ
640 1391 750 1465 ταπεινὴ
765 1390 825 1471 χεὶρ
839 1389 946 1459 ἐξέτεινε
957 1390 1034 1470 δόρυ,
1090 1392 1219 1460 πολλάκις
1238 1390 1304 1472 ὑπέρ
1317 1382 1355 1450 ῶν
1379 1390 1484 1449 ἅπαντα
1508 1389 1634 1469 ἔπρεπεν
1652 1389 1793 1469 ὑποχείρια
1814 1391 1863 1448 διε·

213 1478 219 1487 ⁶
255 1484 370 1547 τὀκατδι
383 1490 429 1544 σοῦ
442 1484 537 1565 κράτος
553 1486 696 1564 ἐπαρθεῖσα
710 1485 947 1562 τροπαιοφορῆσαι.
971 1480 1036 1541 Ἐπὶ
1088 1482 1221 1559 χρήσατο.
1265 1479 1322 1540 Καὶ
1338 1477 1460 1559 Ἀόραδιμ
1485 1477 1513 1537 δέ
1532 1477 1593 1557 περὶ
1615 1468 1651 1537 ῶν
1674 1478 1804 1537 ἐδυσώπει
1821 1478 1864 1536 καὶ

256 1582 379 1636 τοσοῦτον
393 1574 444 1655 γάρ
464 1571 607 1640 κακώσεως
629 1571 717 1631 πάντα
740 1594 782 1630 σοι
802 1569 877 1643 ῆκει,
898 1569 967 1630 ὥστε
990 1571 1036 1631 καί
1090 1568 1217 1642 ἱκέτευεν,
1231 1568 1337 1635 τούτους
1360 1568 1430 1647 έόιρα
1451 1567 1495 1625 τδν
1511 1567 1566 1646 βίον
1589 1569 1624 1632 εἰς
1644 1567 1727 1645 πυρδς
1748 1568 1863 1637 δαπάνην

256 1663 305 1736 τήν
318 1660 529 1742 άπροσμάχητόν
544 1684 592 1720 σου
605 1659 698 1743 βάνμην
722 1661 757 1727 εἰς
775 1658 859 1738 τρύγα
880 1657 973 1717 ἐλάσαι
990 1661 1037 1737 βα·
1089 1657 1338 1737 καταστρέφοντας,
1349 1654 1389 1714 ότι
1406 1658 1498 1715 παθῶν
1519 1655 1607 1721 αὐτοῖς
1621 1655 1734 1714 ἄκανθαι
1746 1654 1865 1733 τδγεῶμ

257 1752 370 1824 θυτάτης
389 1750 552 1831 ἀρρωστίας,
567 1750 612 1809 καί
626 1749 656 1807 τὸ
674 1750 824 1828 άρρωστοῦν
843 1746 889 1806 καὶ
910 1769 1036 1806 τεταπει-
1091 1768 1146 1824 γιον
1160 1737 1202 1817 ἦν.
1233 1742 1370 1816 Δύνασθε,
1388 1743 1436 1802 ἐὰν
1447 1745 1593 1823 βούλησθε,
1608 1740 1652 1801 ίνα
1670 1742 1737 1822 λέγη
1751 1745 1866 1809 κάκεῖνος

257 1839 392 1917 νωμένον·
410 1843 462 1898 τῶν
482 1838 632 1896 ἀντιπάλων
652 1834 834 1916 φιλάνθρωπον
854 1834 929 1912 όμμα
949 1835 1036 1915 χειρὸς
1090 1833 1154 1916 πρός
1165 1838 1247 1911 ὑμᾶς·
1261 1860 1273 1883 ι
1287 1832 1374 1910 κύριος
1386 1831 1532 1907 πολεμήσει
1547 1829 1613 1911 ὑπὲρ
1626 1835 1720 1907 ήμῶν,
1733 1831 1779 1889 καί
1793 1837 1867 1908 ἡμεῖς

259 1927 336 2010 ῖοχῦν
349 1931 376 1986 ἐν
391 1926 432 1987 σοί
445 1925 598 2007 ἀποφαίνειν
616 1924 664 1993 καί
679 1922 754 1996 δόξης
772 1921 881 2000 ὀνόματι
894 1927 1036 2001 πειρᾶσθαι
1091 1922 1245 1999 σιγήσομεν.
1259 1948 1271 1972 ι
1315 1921 1361 1997 (aa)
1379 1920 1490 1979 Ποθεῖτε
1505 1921 1598 1996 μαθεῖν
1612 1917 1683 1979 ὅπως
1702 1920 1807 1980 δέδοικα
1824 1917 1866 1977 τδν

259 2018 482 2093 διακοσμηθῆναι.
526 2013 573 2091 (κε)
586 2009 627 2075 Ὦ
642 2010 746 2091 βασιλὶς
760 2010 861 2070 πόλεων
877 2010 1036 2090 βασιλίδων,
1091 2010 1224 2086 κλαυθμὸν
1251 2012 1341 2085 ὑμῶνς
1365 2007 1406 2067 δτι
1431 2006 1604 2087 πρόσκαιρος·
1617 2008 1665 2079 τήν
1691 2007 1866 2084 ἐλεημοσύνην

263 2104 364 2170 πολλάς
375 2102 423 2179 μέν
433 2100 598 2179 συμμαχίαις
609 2098 780 2179 ἐξαρπάσασα
791 2097 927 2174 κινδύνων,
940 2097 1040 2168 πολλάς
1092 2103 1184 2178 ὑμῶν,
1197 2099 1239 2157 ὅτι
1254 2096 1319 2176 πρὸς
1332 2095 1435 2176 βραχύ·
1448 2094 1495 2167 τήν
1508 2095 1692 2176 σωφροσύνην,
1713 2096 1753 2155 ότι
1769 2094 1866 2177 ἐφήμε-

261 2191 290 2255 δί
309 2192 354 2252 ἐπὶ
371 2191 433 2270 γόνυ
448 2189 589 2255 Ικλιθείσας
614 2185 786 2268 άνορθόισασα
806 2194 859 2253 τοῖς
882 2186 988 2261 ὅπλοις,
1003 2190 1040 2255 είς
1094 2209 1148 2266 ρος·
1163 2187 1210 2259 τήν
1226 2185 1414 2267 φιλαδελφίαν,
1426 2183 1467 2243 ότι
1480 2182 1572 2264 μέχρις
1588 2182 1619 2242 ἂν
1635 2184 1665 2243 εδ
1680 2183 1805 2262 δυσμενὲς
1819 2185 1867 2243 τῶν

260 2277 397 2362 πρηνομῆν
412 2276 439 2336 δέ
453 2277 510 2338 νυνὶ
523 2274 682 2357 προκειμένη
697 2275 743 2334 καὶ
758 2278 810 2333 τῶν
824 2276 1040 2355 συνεπικοορούν·
1094 2273 1183 2355 κύκλῳ
1208 2276 1326 2354 ἐχθρῶν,
1349 2272 1398 2330 άτε
1421 2271 1452 2342 δὴ
1473 2272 1558 2331 κοινδν
1580 2271 1699 2351 ὑπάρχον
1717 2261 1818 2348 κακὸν,
1836 2272 1867 2337 εἷς

259 2390 313 2429 των
327 2366 533 2446 έξηπορημένη.-
566 2363 604 2425 Ὦ
630 2367 698 2422 ναῶν
718 2362 871 2440 σεόασμίων
893 2364 970 2444 χάρις
994 2364 1039 2422 καὶ
1093 2364 1214 2437 ὁμόνοιαν
1226 2366 1296 2439 ὑμᾶς
1309 2360 1476 2420 συνωθεῖ·τδ
1490 2359 1612 2419 ταπεινόν
1627 2364 1674 2418 καί
1693 2360 1799 2438 μέτριον
1819 2363 1866 2419 τῶν

259 2451 475 2537 λαμπρότης,ιδ
498 2453 595 2533 μεγέθη
619 2451 665 2512 καὶ
688 2452 773 2524 κάλλη
801 2452 847 2511 καλ
870 2452 1039 2532 λεπτουργίαν
1091 2455 1175 2525 ἠθῶν,
1189 2453 1229 2511 ότι
1246 2451 1338 2530 μέχρις
1351 2449 1381 2510 δν
1396 2455 1415 2523 ἡ
1429 2450 1602 2530 αίχμαλωσία
1616 2442 1866 2528 ἐμπρόθεσμος·τδν

260 2532 307 2604 νῦαὶ
319 2541 505 2622 άγλαίσματσ,
517 2539 539 2600 ῶ
553 2541 678 2618 θυμάτων
692 2541 861 2617 θναιμάκτων
873 2539 919 2599 καὶ
931 2545 1040 2622 φρικτῆς
1092 2544 1172 2619 τῦφον
1189 2537 1355 2615 πατούμενον
1376 2537 1423 2598 καί
1444 2538 1488 2597 τὸν
1512 2538 1592 2614 θυμόν
1614 2536 1806 2617 χαλινοόμςνον
1827 2536 1866 2597 καί

259 2632 354 2699 θυσίας
374 2631 421 2689 καλ
445 2634 573 2706 μυστικῆς
592 2627 740 2710 τραπέζης,
758 2627 781 2687 ὦ
795 2627 979 2708 θυσιαστήριον
994 2629 1040 2688 καί
1092 2626 1140 2698 τήν
1150 2629 1271 2705 γλῶτταν
1283 2631 1466 2702 πνευματικῶν
1478 2626 1617 2707 ᾀσμάτων,
1625 2627 1694 2685 άλλδι
1702 2626 1740 2703 μὴ
1753 2628 1865 2707 αἰσχρῶν

259 2722 347 2801 χῶρος
363 2718 462 2785 άόατσς
477 2717 523 2777 καί
540 2717 650 2794 σιπτδό,
664 2716 735 2784 ὅπως
749 2715 884 2794 πολεμίων
897 2716 974 2781 πόδες
990 2720 1037 2796 βε·
1095 2714 1221 2796 βημάτων
1245 2713 1413 2788 δεικνυμένην
1436 2714 1564 2794 ὄργανον,
1582 2713 1622 2772 ότι
1645 2714 1744 2795 μέχρις
1764 2714 1798 2773 διν
1819 2716 1865 2773 τῶν

259 2807 378 2878 όήλωσιν
400 2808 545 2869 ἀπειλοῦσι.
596 2806 638 2866 Ὦ
668 2804 749 2872 σέόας
779 2804 843 2864 αὖτδ
875 2804 920 2863 καί
953 2805 1041 2872 πίστις
1093 2802 1228 2880 πολεμίων
1250 2804 1274 2862 σί
1300 2802 1451 2883 ἀλαλαγμοί
1472 2811 1526 2871 τοῖς
1540 2801 1604 2861 ῶσὶν
1627 2806 1701 2880 ὑμῶν
1721 2802 1867 2885 προσάράο·

262 2893 392 2975 άχρσντος
410 2893 457 2953 καὶ
480 2892 590 2974 λατρεία
610 2893 730 2973 καθαρὰ,
753 2892 823 2965 δπμς
846 2891 1040 2951 δυσσεόοόντων
1094 2913 1183 2950 σουσι·
1200 2889 1247 2957 τδς
1259 2887 1333 2957 λιτάς
1347 2892 1392 2950 καὶ
1406 2890 1453 2959 τίις
1473 2888 1619 2969 παννύχσυς
1633 2890 1739 2957 στάσεις
1760 2889 1809 2948 καί
1825 2889 1867 2961 τήν

260 2985 320 3042 καθ’
348 2984 422 3058 ὑμῶν
450 2982 495 3041 καὶ
528 2984 731 3064 φρυαττομένων
756 2979 916 3040 πλατύνεται
942 2980 1039 3058 στόμα.
1094 2977 1217 3053 νηστείαν
1238 2979 1284 3038 καί
1305 2977 1365 3046 τοὺς
1379 2977 1607 3058 στεναγμοῦς,δτι
1631 2977 1724 3059 μέχρις
1745 2977 1777 3037 δν
1799 2977 1868 3038 δδιίι

262 3067 311 3149 (νο)
327 3068 468 3149 Ὦίερέων
481 3072 560 3128 πολιὰ
575 3069 622 3127 καὶ
639 3068 743 3149 χρίσμα
755 3066 801 3126 καί
812 3066 1041 3146 ίερωσύνη·ῶμοι
1095 3067 1180 3147 ξίφους
1194 3066 1313 3133 θάνατος.
1358 3067 1404 3147 (ει)
1414 3068 1510 3128 Ταῦτά
1524 3090 1558 3142 με
1571 3066 1698 3146 ταράττει
1712 3067 1757 3126 καὶ
1771 3066 1868 3147 θορυόεῖ

262 3155 368 3234 τέμενος
387 3157 454 3236 ίερδν
472 3162 531 3217 θεοῦ
551 3156 596 3216 καί
611 3162 669 3215 θεοῦ
685 3155 764 3238 σοφία
783 3161 797 3215 ὁ
818 3160 864 3226 τῆς
887 3155 1041 3232 οἰκουμένης
1094 3155 1162 3215 πολὺ
1182 3159 1234 3215 τῶν
1257 3154 1345 3215 ὅπλων
1370 3155 1449 3216 πλέον
1477 3161 1529 3216 τῶν
1556 3155 1737 3237 βαρόαρικῶν.
1781 3160 1868 3218 Ταῦτα

262 3245 403 3322 άκοίμητος
418 3244 563 3324 ὀφθαλμός.
605 3243 781 3324 Θρηνήσατε,
797 3243 934 3322 παρθένοι,
952 3250 1040 3320 θυγα-
1095 3244 1198 3304 δέδοικα
1215 3241 1310 3326 ῥηιδίως
1324 3243 1380 3302 νυνὶ
1392 3244 1437 3303 καὶ
1450 3243 1524 3323 παρὰ
1538 3246 1644 3303 πάντων
1658 3242 1716 3321 ἅμα
1731 3249 1799 3324 δρῶν
1813 3268 1868 3304 συν·

261 3332 334 3412 σέρις
350 3330 543 3412 Ἰερουσαλήμ·
557 3333 709 3408 κλαύσατε,
724 3332 857 3391 νεανίσκοι
874 3330 974 3398 πόλεως
987 3330 1039 3411 ‘lp-
1093 3332 1253 3409 τελούμενα,
1270 3332 1311 3390 ότι
1324 3330 1450 3412 πρότερον
1461 3331 1514 3392 οὐδ’
1529 3334 1604 3398 ἐνίοις
1622 3332 1690 3391 τισίν
1713 3334 1771 3392 οὐδὲ
1794 3331 1867 3415 χωρίς

264 3419 418 3499 ρουσαλῆμ,
429 3419 577 3491 πενθήσατε
591 3421 637 3480 καὶ
649 3420 777 3499 μητέρες,
788 3418 936 3496 δακρύσατε
948 3420 1041 3495 νήπια,
1094 3419 1140 3480 καὶ
1157 3419 1231 3497 μολις
1253 3418 1406 3500 ἐπράττετο.
1450 3421 1538 3481 <noent
1552 3444 1586 3497 με
1609 3420 1655 3479 καὶ
1674 3423 1735 3502 ιίνιᾷ
1756 3420 1800 3481 ότι
1812 3420 1867 3480 όταν

262 3507 430 3588 δακρύσατε·
448 3506 479 3567 τδ
493 3508 601 3586 μέγεθος
614 3508 665 3589 γάρ
678 3515 723 3568 τοῦ
746 3508 843 3573 πάθους
865 3506 911 3565 καί
924 3511 991 3585 ὑμᾶς
1004 3510 1041 3577 εἶς
1094 3508 1231 3578 ίσταταιῆ
1251 3509 1358 3586 πληγὴ,
1382 3511 1440 3570 τότε
1463 3510 1508 3568 καὶ
1530 3515 1608 3585 ἡμεῖς
1630 3511 1813 3586 σεμνυνόμεθα
1825 3507 1867 3580 τῆν

261 3594 433 3667 συναίσθησιν
443 3596 762 3675 ἐκόιάξεται·δακρύσατε
773 3593 813 3653 ότι
823 3595 964 3667 ἐπλήθυνεν
976 3600 1041 3674 ήμῖν
1096 3597 1273 3678 ἐπιστροφὴν,
1285 3595 1326 3656 ότι
1346 3594 1408 3659 ὅταν
1427 3600 1521 3675 ἐπιστῇ
1541 3597 1574 3655 τὰ
1592 3597 1719 3676 λυπηρὰ,
1737 3600 1798 3658 τότε
1812 3594 1869 3675 πρός

263 3686 297 3744 τὰ
321 3684 391 3745 κακά
414 3685 461 3744 καί
482 3686 529 3743 οὐκ
545 3685 616 3745 ἔστιν
630 3690 644 3745 ό
659 3682 854 3763 ἐξαιρούμενος,
875 3685 923 3742 οὐκ
941 3683 1011 3743 ἔστιν
1027 3690 1041 3744 ὁ
1094 3683 1142 3752 τάς
1153 3686 1259 3764 πράξεις
1272 3685 1472 3767 καταφεύγομεν
1490 3686 1537 3753 τδις
1557 3687 1687 3767 χρηστάς.
1730 3686 1783 3745 Διδι
1800 3691 1870 3744 τοῦτο

263 3773 367 3853 βοηθός.
412 3774 458 3852 (31)
473 3773 553 3833 Ἀλλδι
568 3773 647 3853 μέχρι
663 3771 1042 3851 τίνοςδθρῆνος,μέχριτίνος
1095 3778 1140 3832 νῦν
1153 3777 1201 3834 οὐκ
1215 3775 1271 3833 ἔστι
1285 3778 1404 3847 Μωυσῆς
1419 3773 1478 3834 οθδέ
1493 3772 1625 3855 ’λόραάμ
1669 3774 1714 3854 (3ο)
1729 3768 1762 3834 E't
1785 3775 1812 3834 δέ
1828 3770 1869 3833 καὶ

262 3861 293 3920 τὸ
306 3860 413 3935 πένθος,
434 3860 514 3939 μέχρι
528 3858 596 3928 τίνος
610 3863 625 3918 δ
639 3859 799 3935 δλολυγμός;
815 3858 864 3925 Τίς
883 3858 1040 3920 είσακούσε-
1096 3863 1278 3942 παρελθούσης
1289 3867 1336 3936 τῆς
1348 3868 1394 3921 νῦν
1410 3868 1479 3940 ἡμᾶς
1490 3864 1655 3943 κατεχούσης
1668 3860 1870 3945 σνμφορᾶς,τῆν

262 3972 322 4027 ται,
337 3949 450 4016 καὶπῶς
466 3952 482 4020 ἡ
497 3952 603 4026 θραῦσις
615 3946 751 4019 κοπιάσει;
762 3947 811 4014 Τίς
821 3946 987 4021 ἐξιλάσεται;
1003 3948 1041 4017 τίς
1096 3951 1178 4025 αὖτλν
1196 3953 1358 4030 κοσμιότητα
1374 3953 1418 4011 καί
1433 3950 1504 4022 τάξιν
1523 3951 1570 4011 καί
1586 3952 1750 4013 κατάστασιν
1769 3951 1868 4035 ἐφυλάτ·

263 4036 389 4116 βοήσεται
401 4035 468 4117 ύπέρ
483 4039 572 4112 δμῶνς
583 4036 653 4104 είτις
662 4027 693 4107 ῆν
705 4038 836 4108 Μωυσῆς,
847 4026 919 4095 εἶπεν
936 4037 967 4095 διν
977 4035 1042 4115 πρὸς
1096 4063 1167 4116 τετε,
1181 4039 1292 4107 πολλοὺς
1307 4040 1339 4099 δν
1357 4040 1489 4109 Μωυσέος
1502 4040 1547 4099 καί
1561 4039 1685 4121 Ἁόραίιμ
1699 4042 1868 4122 προπολεμεῖν

261 4124 363 4204 κύριον.
380 4151 391 4178 ι
409 4125 454 4183 ἐὰν
467 4127 554 4190 αὐτοῖς
567 4129 644 4205 ἀφῇς,
658 4124 736 4205 ἄφες·
750 4126 773 4183 εί
786 4125 812 4183 δέ
833 4123 870 4198 μὴ
884 4171 892 4202 ,
908 4124 1041 4204 ἐξάλειψον
1097 4132 1171 4205 ὑμῶν
1194 4130 1239 4189 καί
1259 4129 1324 4208 ὑπὲρ
1340 4133 1415 4205 ἡμῶν
1437 4130 1596 4199 ἐξιλεοῦσθαι
1614 4130 1795 4209 προιόάλλετο
1809 4129 1867 4196 θεός.

262 4211 332 4291 κέμδ
348 4214 378 4271 έν
391 4217 438 4285 τῆς
454 4212 546 4293 βῖὅλνν
568 4215 615 4284 τῆς
635 4216 723 4285 ζωῆς,
738 4205 768 4285 ἧς
791 4212 906 4293 ἔνρνψας
939 4213 1042 4292 (Exod.
1099 4217 1154 4279 Καί
1169 4218 1194 4277 τί
1207 4218 1277 4297 λέγοι
1291 4218 1409 4279 Μωυσέα
1421 4218 1467 4278 καί
1482 4217 1623 4298 Ἄόραάμς
1638 4218 1718 4277 αὐτόν
1732 4219 1779 4280 τὸν
1792 4216 1868 4279 κοινόν

263 4302 314 4381 32,
335 4300 398 4380 32).
412 4329 424 4353 ν
468 4300 523 4361 Καὶ
544 4299 609 4381 πρὸς
623 4307 696 4377 ἡμᾶς
712 4300 753 4360 δέ·
767 4328 779 4353 ι
794 4302 881 4379 κύριος
896 4300 1042 4376 πολεμήσει
1099 4304 1226 4378 δεσπότην
1252 4309 1328 4383 ἡμῶν
1355 4329 1383 4365 τε
1406 4306 1532 4366 κάκείνων
1560 4306 1700 4389 πρόμαχον
1732 4294 1869 4385 ἡμῶνκαὶ

264 4387 330 4471 ὑπέρ
353 4392 447 4466 ἡμῶν,
470 4390 514 4447 καὶ
535 4390 613 4465 ἡμεῖς
634 4390 776 4469 σιγήσομεν
797 4389 855 4468 (lb.
884 4400 931 4463 είς,
955 4390 1041 4470 κάλον
1098 4394 1281 4476 προασπιστῆν
1294 4395 1483 4475 ἀπεργάζεσθε,
1493 4395 1537 4454 τὸν
1550 4396 1719 4474 ἐπαγαγόντα
1729 4397 1775 4455 τὸν
1785 4391 1868 4475 ἐχθρὸν

265 4473 338 4538 Ἀλλ’
352 4481 397 4538 οὐκ
411 4476 497 4551 ἔστιν,
511 4478 552 4537 ὅτι
572 4479 747 4539 ίκλέλοιπενθ
763 4477 819 4545 θεὸς
835 4477 888 4537 άπδ
911 4482 958 4548 τῆς
979 4482 1042 4555 γῆς·
1098 4484 1141 4542 διὰ
1163 4485 1210 4551 τὰς
1235 4483 1368 4562 ἁμαρτίας
1393 4487 1469 4561 ἡμῶν
1491 4484 1619 4565 θραύοντα
1641 4486 1695 4542 τῶν
1711 4487 1810 4565 ἐχθρῶν
1826 4479 1869 4552 τήν

263 4565 310 4625 οὔκ
325 4565 381 4627 ἔστι
398 4569 532 4638 Μωυσῆς·
544 4569 592 4626 οὐκ
606 4566 676 4627 ἔστιν
688 4566 811 4649 Ἂόραόιμ
824 4565 894 4626 ὥστε
906 4569 994 4647 διᾶραι
1014 4568 1043 4625 τό
1098 4572 1192 4651 ἰσχὺν,
1211 4571 1256 4631 τὸν
1271 4571 1428 4630 παιδεύοντα
1450 4571 1575 4650 ῖόνμενον,
1586 4569 1630 4630 τόν
1645 4572 1812 4651 ὀργιζόμενον
1831 4592 1869 4650 φι·

264 4655 352 4735 στόμα
372 4657 418 4716 καὶ
433 4656 667 4737 παρρησιάσασθαι
680 4658 726 4718 καί
741 4660 823 4717 εἰπεῖν
838 4655 902 4737 πρὸς
915 4656 960 4715 τόν
976 4655 1043 4715 θεόν·
1098 4659 1365 4739 λανθρωπευόμενον’
1383 4662 1486 4738 μεγάλη
1504 4656 1555 4738 γάρ
1576 4666 1592 4732 ἡ
1606 4660 1772 4737 ἐλεημοσύνη
1787 4658 1869 4741 κυρίαν

264 4772 276 4797 ι
292 4744 330 4822 μῆ
345 4747 522 4826 συναπολέσῃς
534 4744 634 4804 δίκαιον
649 4746 717 4823 μετὰ
738 4742 864 4821 άσεόοῦς,
880 4745 924 4804 καὶ
940 4744 1014 4805 ἔσται
1029 4749 1043 4803 ὁ
1098 4755 1143 4809 τοῦ
1156 4753 1214 4809 θεοῦ
1227 4752 1302 4826 ήμῶν
1313 4748 1359 4808 καλ
1373 4747 1512 4826 ε’ξιλασμδς
1527 4749 1606 4806 αὐτοῦ
1614 4755 1668 4816 τοῖς
1676 4749 1867 4830 ἐπιστρέφουσιν

262 4832 362 4900 δίκαιος
375 4839 409 4901 ὡς
423 4833 547 4907 όάσεὸής
562 4833 648 4914 (Gen.
663 4837 710 4910 18,
720 4836 783 4913 οδ).
793 4862 806 4887 ν
816 4837 875 4895 Οὐκ
888 4833 957 4893 ἔστιν
972 4833 1042 4901 όοτις
1098 4839 1140 4895 ἐπ’
1153 4837 1230 4898 αῦτδν
1246 4838 1338 4909 όσίως,
1349 4864 1362 4891 ι
1377 4838 1422 4897 καὶ
1434 4835 1503 4918 [νῦν]
1516 4835 1634 4917 βελτίους
1647 4837 1779 4909 ποιήσατε
1789 4865 1812 4910 ι,
1830 4833 1868 4894 διδ

263 4920 367 4981 ἐπέλθοι
397 4921 445 4990 τὰς
469 4919 664 5003 φιλανθρώπους
687 4921 788 4990 ἐκείνας
813 4923 859 4981 καὶ
882 4923 1042 4999 θαυμασίους
1097 4923 1227 5006 Ἱερεμίου
1252 4926 1315 5007 (33,
1334 4928 1379 5004 ιθ)
1397 4930 1487 5006 βοᾷ,ι
1511 4925 1557 4992 τὰς
1581 4924 1652 4987 ὁδοὺς
1677 4929 1753 5001 ὑμῶν
1777 4920 1868 4986 καίτδ

263 5013 316 5070 τῶν
335 5010 420 5091 λόγων
445 5011 601 5091 ἐπαγωγὰς,
615 5011 647 5070 δι’
658 5002 696 5070 ῶν
717 5011 761 5070 ἐπὶ
776 5009 839 5069 δέκα
861 5010 970 5078 δικαίοις
993 5011 1042 5083 τήν
1099 5012 1164 5093 ἔργα
1188 5018 1281 5090 ὑμῶν,
1297 5013 1343 5074 καί
1369 5012 1499 5073 άκούσστε
1524 5017 1571 5084 τῆς
1593 5019 1683 5095 φωνῆς
1708 5016 1811 5094 κυρίου,
1827 5009 1867 5070 καί

265 5099 464 5179 μυριάνθρωπον
476 5101 552 5159 πόλιν
567 5097 616 5168 ἔξω
632 5098 734 5179 φύσεως
747 5098 892 5180 φερομένην
908 5099 977 5166 ἐντὀς
991 5123 1043 5159 σω·
1100 5101 1231 5161 παύσεται
1243 5102 1330 5183 κύριος
1340 5105 1391 5160 τῶν
1405 5103 1511 5179 κακῶν,
1522 5092 1559 5159 ῶν
1574 5102 1704 5173 ἐλάλησεν
1720 5106 1760 5184 ἐφ’
1773 5108 1836 5179 ὑμᾶς
1848 5124 1868 5157 ν.

270 5209 1869 5239 mm

295 5263 311 5328 §
322 5269 361 5315 28.
374 5272 422 5316 τῶν
433 5265 577 5331 ἀντιπάλων]
589 5271 626 5317 An
635 5268 677 5317 καὶ
688 5267 717 5317 τὸ
729 5272 777 5317 τῶν
787 5267 824 5318 διν.
836 5269 874 5327 φιλ
893 5266 977 5331 δμμαῖ
988 5269 1027 5320 ὒί.
1037 5268 1105 5319 hom.
1116 5272 1148 5331 11,
1162 5272 1190 5321 1⁶
1204 5291 1210 5320 :
1221 5277 1250 5334 τῇ
1259 5275 1307 5320 τῶν
1318 5269 1451 5320 ἀντιπάλων
1462 5268 1571 5335 εὐμενείᾳ
1580 5273 1606 5319 σθ
1618 5273 1662 5329 τήν
1672 5278 1721 5322 τῶν
1731 5273 1783 5323 άντ.
1794 5270 1868 5331 φιλαν·

267 5336 379 5401 θρωπίαν.
393 5335 404 5401 ΙΙ
419 5336 473 5403 -§
487 5340 526 5389 29.
538 5337 705 5417 ὢμεγέθη1ῶ
721 5338 810 5402 μεγάλη
825 5338 896 5401 θοάς
909 5352 958 5389 em.
969 5341 999 5390 Μ.
1013 5339 1023 5404 β
1039 5339 1095 5404 -§
1109 5344 1151 5390 ³1.
1162 5341 1292 5406 κοπιάσαι]
1303 5340 1450 5393 κοπιάσασαι
1467 5340 1538 5404 θοῶς
1551 5354 1600 5404 σπι,
1613 5343 1643 5393 Μ.
1658 5342 1670 5407 ΙΙ
1683 5371 1712 5381 -
1722 5344 1738 5409 §
1748 5347 1787 5395 311.
1798 5332 1866 5405 ὁρῶν]
