3890 6044
605 851 1143 1045 PRAEFATIO.

1 1231 2 1270 3
759 1208 1041 1243 ”⁴²⁹²''—

72 1354 77 1363 .

1 1439 2 1480 ⁷
120 1457 217 1539 Quae
237 1448 334 1519 hoc
356 1442 551 1516 volumine
568 1441 797 1514 continentur
812 1454 852 1511 ut
865 1440 1008 1512 ederem
1024 1456 1151 1513 auctor
1168 1444 1258 1515 milri
1275 1444 1343 1516 tuit
1360 1446 1485 1517 Victor
1504 1446 1686 1544 Lauglois,

1 1571 2 1596 ¹
81 1598 189 1671 quem
204 1585 353 1642 morte
375 1580 592 1666 praematura
611 1564 724 1635 literis
746 1578 782 1634 et
807 1564 930 1635 amicis
953 1588 1069 1662 nuper
1086 1580 1249 1663 ereptum
1269 1591 1342 1638 esse
1360 1591 1486 1639 omnes
1512 1568 1685 1664 lugemus

85 1692 274 1765 udettoet
295 1714 432 1788 quum
452 1688 646 1784 collegisset
663 1690 720 1759 vir
746 1688 977 1759 doctissimus
994 1712 1218 1788 quaecunque
1236 1715 1277 1762 ex
1298 1691 1455 1763 historiis
1474 1715 1584 1787 graece
1602 1694 1688 1764 scri·

16 1814 22 1867 ῑ
93 1818 161 1914 ptis
177 1818 221 1886 in
239 1814 469 1885 armeniam
487 1812 643 1907 linguam
660 1811 831 1883 translata
845 1829 1083 1911 superessent,
1099 1840 1212 1912 eaque
1226 1815 1515 1914 supplementum
1530 1840 1606 1886 esse
1622 1816 1690 1886 vel·

98 1938 146 2009 let
162 1943 491 2032 Fragmentorum
516 1950 721 2005 nostrorum
738 1934 1015 2024 historicorum,
1035 1934 1200 2017 hortatus
1222 1949 1275 2005 est
1292 1949 1331 2005 ut
1349 1936 1424 2032 ipse
1450 1957 1595 2031 quoque
1613 1959 1692 2031 quae

106 2072 226 2156 parata
246 2056 443 2129 haberem
457 2057 700 2129 additamenta
718 2057 983 2156 depromerem.
1007 2058 1097 2129 Dedi
1119 2059 1227 2153 igitur
1245 2082 1323 2154 quae
1344 2057 1450 2128 variis
1468 2082 1489 2127 e
1504 2056 1691 2128 codicibus

23 2172 27 2181 '
117 2181 291 2278 descripta
311 2180 383 2252 diu
397 2180 475 2274 jam
490 2181 628 2251 scriniis
641 2204 854 2279 presseram.
877 2185 1003 2252 Cetera
1021 2179 1152 2277 quibus
1168 2183 1291 2278 priora
1310 2195 1481 2279 quattuor
1500 2186 1691 2277 Fragmen-

117 2316 235 2373 torum
247 2302 449 2374 volumina
463 2303 622 2399 augenda
638 2319 743 2393 sunt,
758 2304 795 2375 in
809 2303 897 2374 illud
910 2300 1032 2375 distuli
1046 2319 1187 2403 tempus
1200 2329 1274 2402 quo
1290 2319 1371 2402 post
1384 2303 1546 2376 absoluta
1561 2306 1693 2403 scripta

14 2408 22 2509 l
108 2426 385 2523 geographica,
414 2427 454 2496 in
471 2426 603 2523 quibus
620 2442 717 2499 totus
742 2452 840 2499 nunc
865 2425 1042 2515 detineor,
1066 2427 1221 2522 primum
1245 2428 1506 2499 Historicorum
1523 2428 1694 2499 volumen

107 2549 159 2621 de
177 2550 329 2644 integrm
354 2548 520 2620 tractabo
535 2574 578 2621 ac
597 2575 698 2623 novae
715 2552 792 2647 ejus
810 2549 960 2621 editioni
978 2546 1170 2644 adjungam
1188 2574 1267 2646 quae
1285 2552 1322 2620 in
1342 2554 1468 2623 ceteris
1486 2552 1692 2624 desideran-

105 2688 188 2745 tur.
214 2679 307 2761 Quae
332 2697 433 2744 nunc
452 2673 633 2771 prodeunt
648 2700 669 2747 e
686 2674 813 2746 codice
827 2671 1061 2761 Scorialensi,
1079 2696 1120 2743 ea
1138 2674 1390 2746 Bussemakero
1405 2675 1540 2767 debeo;
1559 2675 1694 2749 codicis

107 2801 278 2871 Parisini
289 2814 459 2897 excerpta
470 2798 637 2871 historica
653 2798 825 2871 Dribnero
838 2802 985 2894 accepta
997 2794 1131 2886 refero,
1147 2797 1209 2892 qui
1223 2797 1345 2894 paullo
1359 2813 1550 2895 postquam
1564 2799 1696 2872 Biblio-

1 3003 2 3012 ἵ
112 2921 239 2994 theca
263 2921 461 3019 lmpe'rialis
488 2947 532 2993 eo
554 2921 647 2994 libro
672 2925 785 3020 potita
808 2936 906 3006 erat,
934 2943 1012 3016 quae
1040 2918 1146 2991 rebus
1174 2921 1260 2989 meis
1281 2921 1511 3011 inservirent,
1538 2921 1695 2993 dictante

1 3021 2 3028 ἵ
106 3043 288 3135 Millero,
310 3045 521 3143 descripsit3
546 3044 689 3117 codices
712 3047 823 3116 Musei
852 3043 1046 3114 Britannici
1076 3057 1112 3112 et
1132 3042 1278 3136 Seraglii
1300 3045 1692 3142 constantinopolitani

106 3194 204 3240 mea
221 3170 301 3267 ipse
316 3192 426 3239 manu
440 3171 590 3241 versavi.
609 3172 776 3240 Ceterum
794 3167 1009 3265 compositio
1022 3165 1131 3261 hujus
1145 3164 1338 3236 voluminis
1353 3164 1585 3264 typothetica,
1603 3169 1633 3238 si
1646 3170 1696 3239 ita

106 3294 245 3366 dicere
264 3293 370 3384 licet,
389 3296 516 3392 saepius
534 3293 722 3365 itineribus
741 3293 830 3363 meis
848 3294 1050 3389 interrupta
1068 3304 1122 3360 est
1138 3314 1218 3386 quae
1235 3289 1373 3362 Claudii
1391 3289 1570 3362 Ptoletuaei
1589 3315 1696 3364 causa

109 3417 297 3516 auspiciis
315 3418 450 3488 summi
470 3416 675 3489 scholarum
698 3415 924 3516 publicarum
943 3414 1097 3486 ministri
1121 3415 1273 3512 suscepi.
1292 3419 1430 3486 Interea
1451 3415 1597 3487 sarolus
1615 3421 1697 3489 We

111 3542 299 3629 scherus,
317 3540 374 3611 vir
390 3535 637 3629 doctissimus,
656 3537 945 3636 splendidissimo
963 3538 1146 3610 volumine
1163 3538 1294 3636 scripta
1313 3538 1546 3636 poliorcetica
1560 3540 1696 3612 codicis

115 3664 280 3734 Parisini
299 3661 429 3752 edidit,
454 3661 585 3760 quibus
608 3662 848 3760 supplementi
875 3661 956 3733 loco
984 3676 1150 3760 excerpta
1172 3662 1342 3732 historica
1361 3661 1401 3759 in
1424 3661 1552 3733 eodem
1570 3663 1696 3736 codice

113 3799 264 3855 servata
285 3783 546 3881 adjunguntur.
571 3787 727 3882 Contigit
744 3787 851 3879 igitur
869 3798 908 3855 ut
926 3799 1003 3855 tum
1029 3784 1317 3856 Wescherianam
1336 3807 1485 3881 operam
1509 3800 1584 3856 tum
1607 3785 1695 3859 alio·

114 3932 208 3980 rum
228 3909 391 3979 virorum
406 3907 597 3980 doctorum
619 3909 664 3980 de
679 3909 855 4006 excerptis
869 3908 939 3979 illis
953 3907 1220 3978 observationes
1237 3907 1275 3976 in
1290 3907 1555 4002 Prolegomenis
1569 3908 1696 3984 saltem

0 4109 1 4112 Ἴ
116 4030 166 4101 iu
184 4055 273 4101 usus
292 4054 392 4101 meos
409 4046 620 4103 convertere
636 4057 792 4130 possem.
810 4029 943 4103 Eadem
962 4030 1303 4126 Prolegomenorum
1322 4031 1591 4127 opportunitate
1609 4058 1695 4106 usus

116 4178 207 4224 sum
222 4167 265 4224 ut
284 4154 437 4251 Appiani
458 4154 696 4250 fragmentum
708 4155 901 4245 adderem,
921 4152 1020 4251 quod
1040 4157 1081 4222 E.
1101 4149 1276 4240 Millerus,
1299 4149 1527 4223 doctissimus
1543 4166 1579 4223 et
1596 4177 1694 4249 saga·

119 4278 293 4349 cissimus
310 4278 527 4376 scriptorum
540 4278 811 4377 deperditorum
829 4278 1029 4373 indagator,
1051 4300 1093 4346 ex
1105 4276 1235 4371 ignotis
1253 4274 1410 4346 tenebris
1425 4276 1463 4346 in
1477 4275 1593 4348 lucem
1609 4303 1697 4376 pro.

120 4401 248 4472 traxit.
264 4438 316 4453 -—
328 4405 406 4471 lam
422 4401 521 4497 quod
535 4402 725 4473 utilitatem
739 4426 865 4472 eorum
878 4425 957 4497 quae
970 4424 1067 4471 nunc
1081 4397 1290 4469 exhibemus
1306 4399 1435 4469 attinet
1452 4397 1585 4494 (multa
1600 4404 1696 4474 enim

119 4521 288 4594 eduntur
304 4547 386 4619 quae
405 4513 506 4592 nullo
526 4522 711 4593 literarum
732 4522 866 4594 damno
885 4524 922 4593 in
944 4521 1247 4593 bibliothecarum
1265 4520 1391 4592 loculis
1413 4523 1552 4621 sepulta
1570 4550 1694 4598 mane·

118 4644 245 4743 rent),
261 4644 530 4740 fragmentum,
552 4646 611 4716 cui
634 4644 849 4716 Aristodemi
869 4669 1002 4716 nornen
1021 4643 1226 4743 praeligitur,
1250 4666 1325 4713 non
1347 4658 1453 4739 auget
1466 4644 1613 4740 quidem
1631 4670 1694 4717 co·

0 4821 1 4850 ,
118 4770 199 4867 pias
219 4782 364 4851 nostras
382 4765 570 4838 historicas
584 4782 620 4838 et
637 4782 716 4838 tum
732 4766 811 4838 aliis
823 4768 918 4839 vitiis
935 4783 1013 4839 tum
1033 4768 1124 4837 mira
1140 4781 1343 4862 temporum
1366 4765 1578 4839 confusione
1598 4767 1698 4841 labo·

0 4909 1 4924 ¹
117 4908 192 4981 rat,
214 4906 385 4965 attamen
401 4888 439 4958 in
457 4889 532 4985 ipsa
551 4889 610 4961 illa
629 4890 840 4962 confusione
858 4916 961 4962 suum
981 4891 1164 4987 quoddam
1178 4890 1337 4988 pretium
1355 4891 1551 4989 repositum
1569 4891 1692 4966 habet.

113 5022 201 5091 Haec
226 5018 332 5090 enirn
352 5014 532 5109 ejusmodi
562 5029 614 5085 est
637 5028 678 5084 ut
697 5014 892 5111 inquirenti
914 5016 952 5086 in
971 5039 1095 5086 causas
1114 5012 1392 5113 perturbationis
1409 5014 1691 5113 chronologicae,

0 5123 1 5126 Ἴ
109 5166 193 5241 quae
205 5165 281 5242 per
300 5160 458 5211 omnem
470 5140 674 5209 Graecorum
693 5136 878 5208 historiam
899 5139 1140 5235 antiquiorem
1159 5136 1288 5209 diffusa
1302 5136 1372 5210 late
1385 5151 1499 5236 patet,
1514 5143 1693 5237 egregium

917 5279 935 5323 ,
1682 5114 1771 5367 u-
