3842 6036
253 408 310 469 430
667 404 868 466 CRITOBULI
888 403 1149 467 HISTORIARUM
1170 404 1245 467 Lm.
1267 404 1317 483 ΠΙ,
1342 408 1449 467 itt-18.

253 536 381 619 ἡμέραις,
397 537 443 597 καί
458 535 692 619 στρατοπεδεύεται
705 538 799 608 αὐτοῦ,
814 537 860 597 καί
874 538 969 598 αὐτίκα
985 562 1027 598 κε·
1089 537 1141 615 (γε)
1155 541 1341 616 στρατιωτῶν·
1353 540 1506 620 ριλοκρινῶν
1520 562 1550 598 τε
1570 538 1671 608 πάντας
1695 541 1790 610 αὐτούς
1817 538 1876 601 καὶ

251 627 322 686 λεύει
337 625 535 705 Μαχουμούτια
549 629 617 704 τρεῖς
632 625 690 694 ίλας
705 623 898 702 ἀπολεξάμενον
913 628 1028 687 ὁπλιτῶν
1087 627 1255 703 ἐκλεγόμενος
1266 625 1327 693 τούς
1339 628 1460 706 ἀρίστους
1473 626 1500 686 ἔν
1515 652 1544 686 τε
1558 629 1682 709 ρρονήσει
1696 630 1742 689 καί
1757 629 1872 713 ἀνδρεία

252 737 279 772 τε
294 714 338 772 καί
351 713 462 782 τοξοτῶν
477 713 522 772 καί
542 716 713 772 ὑπασπιστῶν
728 712 774 771 καί
787 710 821 783 δή
841 711 886 770 καὶ
898 692 951 771 sto
975 712 1028 771 ἀπδ

250 808 297 875 τῆς
310 802 377 870 ἰδίας
392 804 474 874 αὐλῆς
488 801 548 869 τοὺς
563 801 768 883 μαχιμωτάτους
782 801 873 867 νυκτδς
886 802 969 861 ἐλθεῖν
984 803 1028 862 int

249 890 297 959 τδς
310 890 440 972 παρόδους
453 889 500 950 καὶ
515 893 610 969 ρθήναι
623 890 722 957 ταύτας
732 891 954 970 πρυκαταοχόντα
967 891 1027 969 πρὶν

249 980 308 1049 τοὺς
322 977 465 1061 Ἰλλυριούς
483 976 558 1049 ήκειν
573 977 743 1055 πυθομένους.
788 979 820 1058 (o)
836 977 871 1038 Ὁ
893 977 920 1039 δέ
946 978 1027 1038 ἐλθὼν

249 1061 308 1148 εύρε
321 1066 418 1136 ταύτας
432 1068 484 1139 ήδη
496 1066 675 1147 κατεχομένας
684 1066 728 1124 ὑπ’
741 1069 841 1126 αὐτῶν·
851 1067 1028 1146 προεπύθοντο

247 1157 300 1239 γάρ
322 1156 370 1229 τήν
393 1160 438 1215 τοῦ
459 1154 587 1235 βασιλέως
602 1155 706 1236 ἔροδον·
718 1152 764 1214 καί
787 1154 927 1231 ξυμύαλδιν
942 1158 1028 1223 αὐτοῖς

248 1256 310 1328 νικᾷ
328 1269 358 1305 τε
378 1244 484 1312 τούτους
506 1247 637 1324 λαμπρῶς
651 1242 697 1302 καί
718 1251 811 1319 κρατεῖ
832 1247 885 1303 τῶν
905 1245 1027 1323 παρόδων

250 1334 313 1415 βίσρ·
326 1332 371 1392 καὶ
392 1337 406 1392 δ
422 1330 543 1408 βασιλεὺς
566 1330 676 1389 κατόπιν
692 1329 808 1389 ἐλαύνοιν
825 1329 892 1407 μετδι
905 1334 952 1400 τῆς
965 1327 1027 1402 ύλης

248 1429 373 1503 στρατιᾶς
387 1418 512 1479 ἐσόάλλει
534 1421 560 1486 ἐς
577 1416 624 1489 τήν
637 1417 729 1499 χώραν
744 1421 842 1496 αὐτῶν,
865 1420 1028 1498 ἀκμάζοντος

246 1510 298 1583 ήδη
318 1516 364 1569 τοῦ
388 1507 481 1584 σίτου,
502 1506 547 1564 καί
567 1505 747 1586 καταδραμὼν
769 1509 850 1579 αὐτῆς
865 1507 898 1567 τίι
914 1509 1026 1566 πλεῖστα

244 1598 289 1658 τόν
302 1621 329 1656 τε
342 1600 413 1655 σῖτον
426 1593 567 1676 διαφθείρει
580 1594 625 1653 καὶ
639 1594 712 1653 λείαν
727 1593 767 1654 δτι
781 1597 908 1669 πλείστην
922 1595 1024 1655 ἐλαύνει

247 1686 391 1766 ἀνθρώπων
406 1709 434 1743 τε
448 1685 493 1743 καὶ
507 1682 685 1761 βοσκημάτων
696 1684 844 1763 παντοίων,
856 1687 902 1745 καί
916 1684 1027 1765 φρούρια
1051 1632 1057 1741 ί

245 1779 381 1852 χειροῦται
390 1770 423 1831 τὰ
432 1772 480 1850 μὲν
490 1770 517 1841 ἐξ
528 1771 670 1851 ἐπιδρομῆς
680 1770 738 1850 βίᾳ,
750 1770 783 1831 τίς
796 1771 878 1833 δὲκαὶ
889 1772 1027 1855 πολισρκίορ

251 1861 336 1940 έλδιν,
350 1861 396 1921 καὶ
419 1860 603 1919 κατασκάπτει
624 1860 745 1933 τελείως,
759 1861 804 1919 καί
828 1862 918 1929 ἁπλῶς
939 1870 1026 1920 πᾶσαν

245 1949 293 2022 τήν
308 1952 334 2008 ἐν
347 1948 410 2008 ποσί
425 1949 470 2007 καί
485 1949 559 2006 κάτω
572 1947 663 2028 χώραν
681 1950 767 2007 αὐτῶν
787 1949 945 2030 διαρθείρει,
963 1972 1026 2008 σκυ-

243 2036 327 2096 λεύων
339 2060 367 2095 τε
379 2036 425 2094 καὶ
438 2037 590 2112 ληιζόμενος
603 2039 648 2094 καί
660 2037 730 2115 δῃῶν
743 2036 813 2096 κατδι
823 2037 927 2117 κράτος.
941 2038 975 2117 (7)
986 2041 1023 2100 Οἱ

244 2126 273 2186 δέ
293 2148 322 2202 γε
348 2124 471 2203 Ἰλλυριοὶ
497 2122 653 2204 κατέχοντες
675 2125 726 2196 ήδη
746 2128 780 2183 τὰ
803 2124 892 2206 ύψηλδι
911 2126 951 2204 (οὖ
972 2127 1024 2206 γδρ

244 2215 363 2291 ἐτόλμων
377 2212 527 2282 καταδῆναι
541 2214 566 2279 ἐς
581 2209 614 2270 τδι
628 2211 716 2293 πεδία)
737 2212 783 2272 καί
797 2212 845 2285 τήν
859 2217 946 2272 αύτῶν
962 2217 1027 2293 ἀγο-

246 2300 385 2380 μένηνκαί
401 2299 545 2382 φερομένην
559 2302 670 2381 δρῶντες
683 2302 729 2360 καί
744 2301 924 2382 πορθουμένην
937 2307 1026 2372 κακῶς

244 2389 290 2447 καί
304 2387 361 2465 άμα
376 2388 487 2453 δεδιότες
498 2387 558 2467 περί
570 2391 671 2462 αὑτῶν,
682 2390 708 2455 ἐς
719 2388 837 2466 ἀνάγκην
846 2391 1025 2457 καταστάντες

243 2476 383 2557 τρέπονται
393 2478 418 2542 ἐς
429 2474 580 2553 ξυμόάσεις,
588 2475 635 2535 καί
651 2476 754 2557 κήρυκα
763 2476 914 2558 πέμψαντες
924 2468 1025 2537 δέονται

243 2570 288 2624 τοῦ
304 2563 432 2643 βασιλέως
453 2564 572 2623 σπονδῶν
593 2567 697 2644 τυχεῖν,
710 2564 823 2645 ὁμήρους
836 2590 864 2625 τι
879 2567 966 2635 δόντες
979 2569 1028 2628 καί

243 2653 342 2725 πιστδι,
354 2643 371 2725 ή
385 2653 438 2731 μήν
453 2652 555 2728 δασμόν
567 2677 596 2711 τε
606 2654 709 2724 ἐτήσιον
720 2654 859 2735 ἀπορίρειν
873 2657 910 2736 τῷ
922 2658 1026 2735 βασιλεῖ

242 2743 341 2811 παῖδάς
351 2765 380 2801 τε
391 2740 482 2822 ρητοθς
492 2740 537 2800 καί
550 2741 726 2820 βοσκημάτων
741 2743 836 2823 ἀγέλας
846 2744 885 2824 (ού
895 2744 946 2824 γάρ
955 2736 1023 2817 ἦσαν

244 2832 329 2897 αὐτοῖς
343 2830 482 2912 χρήματα)
496 2828 542 2889 καί
556 2831 719 2909 στρατιώτας
733 2832 760 2889 ἐν
774 2840 832 2899 ταῖς
846 2832 1024 2910 ἔκστρατείαις

240 2927 287 2979 τοῦ
308 2919 435 2999 βασιλέως
455 2919 502 2979 καί
518 2918 607 2998 ριλους
627 2910 693 2978 εἰναι
717 2920 762 2978 καὶ
786 2920 942 3001 ξυμμάχους
956 2922 1016 2982 ἀδό-

241 3009 309 3075 λους.
354 3010 386 3088 (ε)
408 3007 462 3068 Καὶ
481 3011 495 3065 ό
515 3006 636 3087 βασιλεὺς
661 3007 765 3087 δέχεται
788 3008 831 3067 ἐπὶ
854 3008 954 3079 τούτοις
977 3012 1022 3071 καί

240 3097 394 3155 σπένδεται’
419 3096 465 3156 καί
490 3094 580 3155 λαύῶν
603 3094 664 3164 τοὺς
686 3096 800 3176 ὁμήρους
821 3096 867 3155 καί
887 3098 960 3157 λείαν
981 3098 1021 3157 δτι

239 3185 366 3258 πλείστην
385 3185 482 3250 ἐλάσας
503 3208 532 3243 τε
553 3184 631 3250 αὐτὸς
651 3183 745 3263 καίτῗι
764 3194 876 3266 στρατιά
899 3185 1018 3262 διαδούς,

240 3273 372 3331 ἐπάνεισιν
398 3273 442 3330 ἐπὶ
464 3270 512 3342 τήν
529 3271 683 3349 Ἀδριανοῦ,
705 3273 877 3339 τελευτῶντος
898 3272 949 3345 ήδη
974 3282 1020 3334 τοῦ

240 3359 342 3437 θέρους·
355 3359 401 3417 καὶ
416 3357 549 3436 διαγαγὼν
566 3357 596 3416 τδ
611 3359 773 3439 φθινόπωρον
787 3357 848 3417 ύλον
864 3363 956 3435 αὐτοῦ,
966 3386 1021 3442 χει·

240 3450 325 3520 μῶνος
341 3446 488 3526 ἀρχομένου
504 3449 650 3528 ἀρικνεῑται
670 3448 694 3511 ἐς
712 3446 742 3504 τδ
764 3447 905 3515 Βυζάντιον
928 3471 1018 3528 παρα-

239 3537 377 3616 χειμάσιον
390 3536 482 3593 αὐτοῦ·
497 3536 543 3594 καί
557 3533 695 3608 ἑξηκοστὸν
707 3532 753 3593 καί
766 3533 876 3610 έόδομον
889 3533 944 3602 ἔτος
956 3536 1020 3615 πρὸς

237 3628 291 3692 τοῖς
311 3623 471 3691 ἐννακοσίοις
485 3622 529 3683 καὶ
545 3622 730 3702 ἑξακισχιλίοις
748 3632 801 3689 τοῖς
823 3621 891 3690 δλοις
909 3624 1017 3704 ἠνύετο,

239 3714 342 3774 ἔννατον
359 3716 386 3776 δὲ
403 3718 450 3786 τῆς
462 3718 546 3794 ἀρχῆς
559 3716 598 3794 τῷ
614 3713 728 3793 βασιλεῖ.

279 3802 371 3871 xvii.
396 3801 524 3868 Βασιλεύς
540 3800 568 3860 δὲ
580 3800 718 3878 γενόμενος
730 3802 756 3859 ἐν
770 3804 803 3880 τῇ
819 3801 1019 3863 Κωνσταντίνσυ

238 3889 284 3948 καί
299 3891 392 3971 μικρὸν
408 3890 590 3957 διαναπαύσας
604 3888 683 3947 αύτδν
697 3887 778 3946 πάλιν
797 3889 888 3948 δίδωσι
901 3897 958 3956 ταῖς
971 3894 1019 3962 τῆς

239 3981 322 4058 ἀρχῆς
338 3980 455 4059 φροντίσι
470 3979 515 4037 καί
537 3982 572 4059 τῇ
592 3980 645 4036 τῶν
659 3974 727 4035 όλων
746 3976 871 4049 διοικήσει
885 3977 931 4036 καί
946 3979 1018 4059 διορ·

238 4067 329 4138 θιίισει,
342 4067 387 4125 καί
405 4068 523 4143 μάλιστα
538 4067 570 4137 δή
584 4068 636 4124 τῶν
655 4068 702 4136 τῆς
720 4065 787 4133 ἰδίας
806 4066 887 4137 αύλῆς
901 4066 947 4125 καὶ
961 4070 1014 4125 τῶν

1085 715 1130 772 καί
1144 713 1241 793 μελέτῃ
1253 713 1299 773 καί
1312 715 1424 786 ἀσκήσει
1435 720 1488 775 τῶν
1498 717 1667 792 πολεμικῶν,
1680 718 1727 778 καί
1741 719 1872 798 προάγων

1085 800 1130 860 καί
1143 800 1312 881 προύιόάζων
1328 802 1372 860 ἐπὶ
1386 800 1416 860 τδ
1431 802 1540 882 πρόσω,
1555 803 1640 872 διδούς
1653 827 1682 863 τε
1696 806 1799 885 ἑκάστιρ
1814 805 1872 878 τήν

1085 887 1267 968 δρμόττουσαν
1279 888 1371 969 χώραν
1384 890 1430 947 καί
1442 889 1533 965 τάξιν,
1546 891 1592 950 καί
1606 895 1692 969 τιμῶν
1708 892 1735 961 ἐξ
1750 892 1873 959 ἅπαντος

1085 976 1186 1055 τρόπου
1199 975 1258 1044 τούς
1273 976 1385 1053 ἀγαθούς
1400 977 1534 1038 ἐπιδόσεσί
1547 1001 1576 1036 τε
1596 979 1745 1058 χρημάτων
1757 979 1802 1040 καὶ
1815 982 1870 1058 ἀρ.

1084 1072 1147 1144 χαῖς
1161 1064 1206 1124 καί
1224 1064 1356 1142 ἀξιώμασι
1368 1064 1415 1124 καί
1430 1067 1487 1133 ταῖς
1500 1068 1593 1141 άλλαις
1607 1067 1736 1136 εὐποιίαις
1747 1067 1792 1127 καί
1811 1069 1870 1126 δια·

1086 1155 1169 1232 ρεαῒς,
1191 1153 1300 1227 μηδενὸς
1318 1154 1479 1235 ρειδόμενος.
1523 1155 1556 1233 (ε)
1578 1154 1655 1215 Mat
1676 1156 1703 1215 δέ
1717 1162 1796 1217 τοῦτο
1809 1159 1868 1218 τὸι

1084 1244 1228 1321 σατραπῶν
1242 1240 1302 1310 τοδς
1317 1243 1438 1321 ἀρίστους
1449 1265 1479 1303 τε
1493 1243 1538 1301 καὶ
1552 1244 1750 1321 δοκιμωτάτους
1766 1248 1869 1325 ἀναρα·

1082 1328 1173 1397 νέντας
1188 1337 1242 1401 τοῖς
1264 1329 1349 1410 ἔργοις
1362 1330 1408 1389 καί
1422 1330 1469 1399 τδς
1489 1333 1576 1390 αύτῶν
1593 1332 1760 1412 σατραπείας
1775 1334 1868 1392 τεκαὶ

1084 1415 1169 1495 ἀρχάς
1180 1421 1217 1483 ὡς
1230 1416 1283 1476 ἔδει
1297 1418 1458 1499 διῳκηκότας
1475 1417 1519 1476 καί
1533 1418 1621 1486 καλῶς
1635 1419 1766 1499 ἄρξαντας
1782 1445 1867 1497 μετε-

1086 1503 1193 1572 δίύαζεν
1208 1504 1251 1563 ἰπὶ
1265 1506 1312 1572 τδις
1324 1506 1457 1585 κρείττους
1467 1530 1496 1565 τε
1511 1508 1556 1565 καὶ
1571 1505 1698 1585 μεγίστας
1712 1511 1765 1567 τῶν
1779 1513 1867 1584 τιμῶν

1082 1615 1111 1652 τε
1123 1592 1168 1651 καί
1180 1597 1279 1673 ἀρχῶν,
1290 1592 1392 1672 ἑτέρους
1402 1617 1431 1652 τε
1443 1585 1477 1653 αύ
1488 1597 1514 1663 ἐς
1530 1593 1579 1661 τδς
1590 1597 1676 1653 αὐτῶν
1692 1596 1869 1657 ἀντικαθίστα

1084 1683 1246 1759 σατραπείας
1266 1683 1311 1739 καὶ
1335 1681 1437 1756 τάξεις,
1461 1683 1518 1742 δσοι
1543 1682 1628 1763 τούτῳ
1649 1683 1772 1762 ἐδόκουν,
1794 1676 1869 1765 ᾗπερ

1082 1768 1165 1848 ἔρην,
1181 1773 1233 1828 τῶν
1252 1771 1353 1850 σρόδρα
1372 1771 1513 1851 χρησίμων
1526 1793 1556 1829 τε
1575 1770 1623 1830 καί
1638 1775 1791 1831 σπουδαίων
1814 1778 1868 1833 ἀν-

1083 1858 1167 1939 δρῶν,
1194 1851 1261 1918 iota
1288 1858 1467 1939 παρεχόμενος
1499 1860 1620 1927 ἑκάστοις
1651 1859 1685 1919 τί
1715 1860 1864 1940 πρέποντα.

1081 1947 1114 2027 (ο)
1131 1944 1248 2008 Ἔπειτα
1261 1946 1420 2026 κηρύγματα
1432 1948 1576 2025 διαπέμπει
1587 1947 1633 2005 καὶ
1645 1947 1777 2021 διατάξεις
1792 1972 1867 2007 παι-

1081 2040 1166 2114 ταχοῦ
1183 2041 1231 2107 τῆς
1246 2039 1325 2093 αὑτοῦ
1345 2034 1372 2093 έν
1394 2059 1423 2094 τε
1438 2033 1513 2116 Ἀσίορ
1527 2035 1573 2095 καὶ
1595 2036 1728 2117 Εὐρώπῃ,
1745 2036 1864 2111 πάντας,

1083 2124 1140 2184 ὅσοι
1158 2128 1205 2194 τῆς
1220 2123 1421 2206 Κωνσταρτίνου
1441 2123 1494 2183 είτε
1510 2124 1682 2204 αἰχμαλωσίᾳ
1699 2125 1753 2184 είτε
1775 2148 1867 2202 μετοι·

1081 2211 1159 2286 κήτει
1171 2211 1223 2271 εἴτε
1238 2212 1324 2278 ἄλλως
1338 2211 1422 2283 ποιςή
1436 2212 1548 2292 πρὸτῆς
1562 2211 1716 2284 διλάισιοιςῆ
1733 2214 1803 2290 μετά
1814 2214 1867 2287 τήν
1910 2250 1911 2255 =

1081 2300 1180 2358 ἅλωσιν
1195 2301 1221 2358 ἐν
1234 2298 1335 2378 ἑτέραις
1348 2300 1455 2359 πολεσιν
1470 2299 1571 2380 ᾤκουν,
1586 2304 1750 2377 μετανιστῶν
1773 2325 1801 2362 τε
1816 2304 1865 2362 καί
1910 2318 1911 2349 1

1081 2387 1234 2462 μετοικίζων
1248 2388 1376 2446 ἐνταῦθα·
1390 2378 1458 2459 ἦσαν
1471 2387 1523 2468 γάρ
1537 2386 1576 2446 ἔτι
1594 2388 1691 2446 τούτοιν
1704 2389 1799 2448 πολλοὶ
1815 2391 1863 2448 καί

1081 2477 1108 2533 δν
1121 2479 1154 2554 τῇ
1169 2473 1302 2554 Ἀδριανοῦ
1315 2475 1360 2533 καί
1373 2474 1513 2536 Φιλίππου
1526 2476 1572 2535 καὶ
1584 2476 1703 2537 Καλλίου
1714 2477 1760 2536 καί
1773 2481 1864 2558 Πρου·
1910 2472 1911 2523 Ῐ

1081 2560 1137 2620 σίου
1151 2562 1197 2620 καὶ
1209 2562 1309 2643 ἑτέραις
1322 2563 1431 2621 πόλεσιν
1446 2562 1499 2621 ἀπό
1511 2585 1540 2622 τε
1554 2567 1600 2634 τῆς
1614 2565 1803 2643 αἰχμαλωσίας
1815 2567 1863 2624 καί

1081 2650 1120 2709 ἔτι
1134 2648 1261 2730 πρότερον
1277 2649 1467 2729 διασπαρέντες
1481 2650 1527 2709 καί
1543 2652 1749 2723 κατοικήσαντες
1763 2655 1791 2712 ἰν
1808 2655 1862 2712 αὗ-
1910 2652 1911 2709 f

1079 2744 1153 2812 ταῖς,
1166 2737 1339 2815 ἐπιστήμονες
1351 2736 1443 2819 ἀνδρες
1459 2736 1505 2796 καί
1521 2742 1572 2797 τῶν
1587 2739 1654 2817 ἄγαν
1667 2740 1825 2819 χρησίμων,
1839 2738 1864 2799 οἰ

1078 2834 1137 2892 ταῖς
1152 2825 1229 2894 ἰδίαις
1243 2827 1402 2903 ἐπιστήμαις
1415 2824 1550 2906 χρόιμενοι
1569 2832 1709 2905 πανταχοῦ
1730 2830 1758 2887 ἐν
1779 2827 1860 2908 δλίγορ
1910 2822 1911 2887 ζ

1078 2918 1164 2994 καιρῷ
1177 2914 1223 2972 καί
1238 2914 1362 2993 εὐπορίαν
1376 2913 1454 2993 ἔσχον
1464 2914 1583 2987 πολλήν,
1594 2915 1639 2975 καί
1653 2917 1769 2975 πλοῦτον
1781 2917 1861 2989 ἀκτή·

1079 3005 1169 3064 σαντο.
1195 3002 1302 3070 Πάντας
1312 2992 1357 3061 σύν
1367 3000 1424 3070 τούς
1436 3002 1566 3070 τοιούτους
1580 3006 1723 3080 μετοικίζει
1736 3004 1861 3078 ἐνταῦθα,

1079 3091 1209 3159 διαδιδούς
1223 3100 1277 3158 τοῖς
1291 3089 1340 3167 μὲν
1355 3093 1442 3151 αὐτῶν
1455 3093 1552 3164 οἰκίας,
1564 3102 1616 3159 τοίς
1630 3090 1656 3149 δὲ
1671 3101 1761 3151 πᾶσαν
1775 3092 1860 3164 ἀλλην
1910 3104 1911 3161 j

1078 3179 1861 3262 αὐτάρκειάντεκαίχρείανἀναγκαίανπαρέχωνριλοτίμως
1910 3240 1911 3257 ,

1077 3270 1103 3334 ἀς
1116 3269 1252 3348 τδπαρόν.
1297 3270 1330 3345 (ι)
1344 3267 1391 3329 Ἐν
1402 3266 1428 3326 δέ
1438 3276 1495 3334 ταῖς
1505 3269 1598 3335 αὑταῖς
1608 3270 1716 3349 ἡμέραις
1726 3269 1859 3339 ἀποικίζει
1910 3290 1911 3335 ζ

1077 3356 1122 3417 καί
1136 3359 1278 3424 Φωκαιέας
1292 3355 1453 3437 ἀμροτίρους
1466 3354 1526 3424 τοὺς
1539 3357 1566 3414 ἔν
1586 3357 1674 3436 Ἰωνία
1689 3362 1735 3429 τῆς
1751 3356 1855 3434 Ἀσίας,
1910 3370 1911 3419 ζ

1077 3445 1122 3503 καὶ
1134 3446 1275 3514 κατοικίζει
1289 3446 1334 3504 καὶ
1350 3443 1443 3511 αὐτοὺς
1455 3446 1481 3503 ἐν
1491 3447 1524 3523 τῇ
1533 3445 1619 3507 πόλει.
1662 3443 1817 3521 Ἐκπέμπει
1830 3447 1857 3506 δί
1910 3460 1911 3465 ’

1078 3534 1124 3592 καὶ
1138 3532 1258 3610 Ζάγανον
1275 3533 1320 3593 τδν
1343 3534 1563 3601 Καλλιουπολεως
1577 3532 1716 3612 σατράπην
1732 3533 1780 3592 καὶ
1796 3539 1858 3612 ἡγε·
1881 3536 1911 3609 ,³

1078 3619 1146 3696 μόνα
1160 3626 1206 3680 τοῦ
1220 3620 1313 3680 στόλου
1332 3620 1429 3688 παντὸς
1449 3620 1517 3698 μετδι
1536 3618 1734 3701 τεσσαράκοντα
1749 3625 1818 3681 νεῶν
1832 3625 1857 3684 ἐν
1910 3640 1911 3645 ¹

1075 3714 1133 3774 ταῖς
1156 3707 1259 3778 νήσοις·
1274 3706 1300 3774 δς
1321 3708 1477 3788 ἀφικόμενος
1496 3710 1617 3781 ἀνίστησι
1631 3707 1747 3777 Θασίους
1767 3734 1799 3770 τε
1813 3713 1856 3770 καὶ

1079 3796 1257 3875 Σαμόθρορκας
1273 3799 1318 3854 καί
1333 3798 1474 3872 μετοικίζει
1487 3799 1609 3859 ἐνταῦθα.
1653 3797 1734 3859 otto
1746 3801 1857 3877 σφοδρός
1910 3808 1911 3815 ’

1076 3883 1140 3961 ίρως
1153 3887 1198 3954 τῆς
1216 3882 1316 3949 πόλεως
1333 3882 1432 3957 ταύτης
1453 3884 1604 3945 ἐνέπνευσεν
1619 3887 1747 3966 αὖτοῦτῇ
1765 3889 1857 3968 ψυχῇ,

1075 3970 1122 4032 καί
1138 3977 1184 4030 τοῦ
1199 3968 1298 4043 ταύτην
1313 3961 1386 4040 α’ύθις
1405 3975 1432 4032 ἐν
1451 3977 1484 4054 τῇ
1500 3971 1615 4053 προτέρᾳ
1629 3973 1740 4049 δυνάμει
1762 3997 1796 4034 τε
1813 3979 1857 4036 καί
1910 3990 1911 4007 ’

1075 4059 1136 4139 δόξῃ
1151 4058 1197 4119 καί
1212 4059 1381 4141 λαμπρότητι
1395 4070 1565 4123 καταστᾶσαν
1581 4064 1690 4123 ἐπιδεῖν,
1735 4062 1767 4143 (εἰ
1782 4066 1858 4131 ‘'Effl-

237 4235 326 4284 Pacem
337 4231 402 4282 hanc
411 4237 437 4286 ot
446 4233 539 4286 ducum
548 4233 709 4283 Tunoicorum
717 4232 800 4282 clades
811 4234 942 4296 scriptores
954 4236 1052 4285 Tunoici
1066 4236 1116 4286 alto
1127 4241 1244 4301 promunt
1254 4238 1365 4293 sitentio;
1376 4238 1440 4288 intor
1450 4250 1542 4302 groeoos
1556 4240 1689 4302 scriptores
1701 4252 1767 4287 unos
1784 4239 1856 4291 etni-
1910 4226 1911 4293 ζ

236 4302 384 4366 cocondylos
395 4319 419 4368 p.
431 4308 477 4354 432
487 4317 567 4368 pouco
576 4303 691 4368 qondam
703 4316 782 4366 coquo
794 4303 900 4363 leviora,
921 4316 978 4366 qum
988 4304 1019 4354 od
1032 4318 1072 4355 ros
1086 4321 1126 4357 ιιιι.
1141 4311 1200 4357 4457
1213 4312 1240 4357 ct
1253 4310 1311 4358 4453
1325 4313 1411 4358 contro
1427 4309 1533 4359 Albanos
1545 4314 1628 4372 gestas
1639 4308 1783 4372 pcrtinmt,
1793 4322 1858 4361 coto·

237 4374 393 4426 memoravit.
405 4375 417 4439 [1
430 4375 484 4438 -§
498 4380 518 4425 i.
531 4372 666 4438 Μαχασιες]
676 4373 716 4423 sic
724 4372 812 4423 coion.
823 4374 936 4424 choonco
947 4376 1016 4438 Epiri
1026 4377 1112 4426 auctor
1121 4376 1232 4428 indicato
1243 4379 1349 4429 videtur.
1361 4379 1372 4443 ΙΙ
1380 4386 1434 4431 -2
1445 4379 1564 4445 Ἀρειανόν
1573 4379 1635 4443 τινα]
1645 4381 1713 4430 Fort.
1723 4379 1856 4444 legendum
1910 4396 1911 4399 ¹

241 4447 380 4512 Ἀρειονίτην
403 4446 442 4497 voi
460 4446 598 4510 Ἀρισιίτηα
616 4447 690 4495 corto
708 4443 879 4507 intelligendus
897 4448 936 4494 ost
952 4445 1089 4509 Ἀριανίτης,
1104 4449 1223 4499 comneni
1239 4449 1318 4509 fitius,
1333 4451 1404 4513 cujus
1424 4452 1501 4501 titiam
1521 4450 1706 4514 Scanderbcgus
1734 4449 1854 4505 duno-ct.

235 4531 359 4583 quomque
368 4518 393 4569 in
404 4517 479 4569 rcbus
486 4519 573 4569 contro
583 4518 704 4566 Morotom
714 4517 738 4566 ll
751 4515 783 4565 oti
793 4515 892 4565 Athonis
905 4518 981 4579 gostis
994 4531 1052 4567 cnm
1063 4518 1235 4583 soondorbego
1248 4520 1462 4585 Chaioocondytos
1472 4537 1495 4587 p.
1508 4525 1553 4573 357
1566 4523 1593 4573 ct
1610 4520 1701 4586 possim
1716 4520 1845 4586 componit
1910 4552 1911 4561 ι

239 4590 249 4653 ΙΙ
262 4616 295 4629 -
306 4588 458 4654 Ἀλεξανδρος]
473 4591 566 4638 Nomou
584 4587 632 4638 hoc
650 4586 744 4637 turcico
758 4586 885 4648 Σκενδέρης
899 4587 980 4637 ottoni
994 4592 1079 4640 monet
1089 4589 1202 4641 Gholcoc.
1215 4605 1241 4655 p.
1251 4595 1308 4653 437,
1317 4596 1341 4644 6.
1355 4593 1426 4657 Apud
1437 4593 1552 4644 Phrontz.
1563 4609 1588 4658 p.
1601 4597 1658 4653 425,
1672 4597 1698 4642 44
1715 4595 1854 4656 Σκαντὲρινυ
1910 4602 1911 4609 ¹

236 4662 262 4709 ot
271 4673 296 4723 p.
306 4662 363 4721 430,
373 4663 388 4710 3
398 4658 532 4722 Σκαντάρης
542 4657 641 4721 legitor.
655 4656 666 4720 ΙΙ
677 4655 732 4719 -§
745 4660 759 4705 3
771 4660 796 4705 ot
808 4660 831 4706 4.
844 4656 934 4707 Eadem
946 4658 1034 4709 iisdem
1046 4660 1191 4711 torovorbis
1206 4661 1296 4712 iterum
1312 4662 1390 4713 habos
1399 4663 1442 4713 tib.
1454 4667 1478 4724 o,
1488 4677 1510 4715 c.
1526 4669 1563 4724 ti,
1580 4669 1603 4714 2.
1617 4662 1668 4728 ΙΙ-
1678 4663 1693 4727 §
1705 4669 1728 4715 5.
1744 4665 1854 4721 απολεξὰ·

236 4731 313 4794 μενονΙ
323 4732 359 4781 sic
367 4744 465 4795 margo,
477 4730 623 4780 ἀναλαδοντα
633 4730 694 4778 text.
708 4727 718 4791 ΙΙ
732 4752 764 4764 -
774 4728 927 4793 πυθομένους]
937 4728 995 4779 odd.
1008 4742 1101 4794 margo.
1116 4729 1128 4797 ΙΙ
1141 4758 1174 4770 -
1186 4732 1202 4797 §
1214 4736 1237 4783 θ.
1249 4728 1356 4798 ἐννατον]
1368 4734 1447 4784 ίίίστῑα
1458 4736 1512 4784 ἰννα
1522 4735 1548 4784 in
1558 4748 1645 4784 rasum
1654 4736 1767 4800 scripio).
1910 4780 1911 4801 ,

267 4803 343 4852 xvii.
357 4803 372 4867 §
385 4807 409 4853 3.
423 4800 577 4865 μετανιστῶν]
591 4802 651 4850 Hoc
668 4797 738 4849 verbi
751 4798 831 4848 torma
845 4812 905 4848 ιιιιιιι
919 4799 977 4849 olibi
989 4805 1116 4862 occurrat,
1126 4817 1220 4868 quaero.
1236 4804 1311 4856 vorbi
1329 4807 1449 4868 μεθιστᾶσι
1461 4805 1572 4869 exemplo
1585 4805 1727 4857 atteruntur
1739 4806 1767 4858 in
1781 4809 1851 4859 Theo.
1910 4810 1911 4855 ἕ

239 4887 276 4935 gr.
287 4888 311 4924 ν.
323 4875 463 4936 μεθιστάναι,
480 4873 490 4938 ΙΙ
503 4899 535 4910 -
544 4874 584 4921 καὶ
598 4870 632 4921 ἔτι
644 4872 755 4934 πρότερον
767 4868 942 4935 διασπαρέντες]
953 4870 1070 4921 Numerio
1081 4884 1157 4937 supro
1168 4887 1268 4924 vorsum
1280 4873 1410 4941 adscriptis
1421 4874 1545 4926 indicatur
1558 4875 1628 4926 νοτία
1642 4875 1716 4926 tectio
1730 4896 1737 4926 ι
1750 4879 1850 4928 ozam·
1910 4890 1911 4897 ¹

239 4945 316 5005 ρι’νιις
329 4946 370 4993 καὶ
383 4945 418 4993 tn
430 4944 550 5009 πρότερον.
562 4941 573 5006 ΙΙ
586 4970 618 4984 -
627 4940 642 5006 §
651 4943 676 4991 4.
687 4939 813 4997 Φωκαιέας
831 4940 984 5007 ἀμφοτέρους]
1000 4943 1101 5000 Φωκέας
1112 4945 1136 4995 t.
1149 4945 1205 4996 cod.
1223 4946 1333 5010 lntolligo
1346 4944 1440 4996 inootas
1453 4947 1512 4997 tum
1522 4958 1593 4997 ιιονεσ
1611 4949 1666 4996 tum
1681 4948 1778 4999 noteris
1792 4948 1850 4997 Pio·

236 5027 304 5064 coto.
317 5015 356 5063 ct.
369 5027 444 5079 cupra
456 5014 500 5065 tib.
513 5020 535 5073 ε,
550 5027 572 5062 c.
587 5019 610 5064 ο.
627 5014 637 5076 11
652 5038 684 5050 -
693 5011 807 5075 zizimi]
819 5011 1007 5077 chotoocondyt.
1019 5027 1043 5077 p.
1055 5016 1112 5077 470,
1123 5018 1137 5066 7
1151 5032 1158 5066 ι
1171 5019 1212 5067 καὶ
1225 5018 1253 5068 οὐ
1264 5020 1346 5080 πολλῷ
1357 5019 1453 5083 ὕστερον
1463 5018 1604 5083 (postquam
1612 5016 1702 5068 Ismool
1714 5016 1851 5070 mvorohns
1910 5046 1911 5051 ι

238 5086 357 5134 ῑισιιιιιιιειι
369 5088 395 5135 ot
409 5084 520 5135 imbrum
533 5084 602 5135 italis
612 5082 746 5148 cripuerat)
758 5083 875 5145 Ζάγανος,
889 5084 915 5140 ὃς
932 5084 1048 5141 ἀπήλλαξε
1063 5102 1089 5136 τε
1105 5087 1145 5136 τοι
1160 5086 1289 5152 Ἰσμσὴλην
1300 5090 1340 5138 καὶ
1358 5089 1461 5146 κατέστη
1478 5088 1502 5141 t:
1518 5090 1560 5144 τὴν
1573 5086 1749 5137 Ratiocinatio
1761 5088 1845 5153 ἀρχὴν.

240 5154 383 5213 ἐπιπλεύσας
394 5157 547 5221 Σαμοθρᾴκην
558 5173 585 5205 τε
596 5158 636 5204 καὶ
648 5155 731 5205 θάσον
740 5155 823 5211 ἐξελὼν
834 5153 1031 5218 ἠνδραποδίσατο.
1047 5155 1093 5205 Καὶ
1111 5157 1209 5213 τούτους
1223 5157 1265 5222 μὶν
1276 5160 1395 5223 κατῴκισε
1410 5156 1518 5221 βασιλεὺς
1537 5157 1559 5213 ἔς
1578 5156 1606 5207 τδ
1622 5158 1764 5214 Βυζάντιον·
1775 5155 1848 5213 τδςδε
1910 5212 1911 5215 ¹

239 5227 341 5290 νήσους,
354 5229 395 5277 καὶ
408 5228 461 5277 ὅσοι
477 5229 499 5285 ίς
517 5227 546 5277 τδι
565 5227 687 5292 ἀκρατῶν
700 5227 774 5289 δρέων
787 5226 910 5289 διέσυγον,
924 5226 957 5290 μὴ
966 5227 1171 5292 ανδραποδισθῶσι
1182 5228 1211 5257 ”
1229 5227 1334 5293 (reliquo
1352 5227 1460 5292 dosunt).
1474 5226 1485 5291 ΙΙ
1500 5253 1528 5263 -
1544 5225 1690 5291 ἐνέπνευσεν]
1703 5227 1741 5279 sic
1753 5238 1846 5291 mongo,
1910 5234 1911 5239 ’
