3832 6042
258 444 296 502 90
828 437 877 497 hE
899 432 1303 499 Psauuo-ss.tuussartu.

258 595 314 651 que
327 577 453 631 istene
464 587 504 630 est
513 575 645 650 partagcie
655 594 689 629 en
699 584 759 649 sept
768 574 890 647 parties,
901 575 1031 649 appeiees

258 667 377 733 ciimats,
404 675 432 721 et
447 684 511 739 que,
527 683 575 719 sur
599 682 645 718 ees
660 664 764 719 metues
778 664 889 736 parties,
905 663 945 719 les
969 674 1031 737 sept

257 766 343 809 astres
356 763 489 810 exercent
503 753 566 807 icur
576 750 727 821 influeres,
739 750 849 806 chacun
861 770 897 807 en
905 753 1030 825 particu-

257 844 308 897 lier
318 861 365 897 sur
376 843 500 897 chaeune
519 840 629 909 d’eiies‚
647 852 674 895 et
687 838 821 913 quentin,
836 840 906 895 dans
923 840 1032 895 chacun

257 930 293 986 de
303 949 348 986 ces
357 931 463 986 memes
476 930 617 998 endroits,
629 930 655 985 ia
665 930 743 985 force
759 929 795 984 de
807 927 968 985 i'influenee
983 926 1031 1005 [de

259 1020 368 1092 chaque
379 1017 465 1095 estre]
471 1020 601 1092 prevent,
610 1028 636 1074 et
641 1017 708 1073 c’est
715 1036 747 1073 ce
754 1019 803 1091 qui
809 1028 848 1073 est
856 1018 1028 1094 appeleLoi.

296 1108 320 1161 li
335 1126 380 1162 me
389 1108 537 1181 repliqua:
551 1107 639 1163 Sache
652 1106 782 1175 d'abord,
795 1107 813 1161 ὁ
824 1126 892 1162 τινοιν
902 1104 947 1161 fiis
963 1106 1031 1160 Phi-

256 1196 348 1270 lippei
363 1215 420 1269 que
434 1196 473 1251 ies
491 1195 648 1254 Chaldeens
663 1207 715 1251 ont
729 1196 843 1250 invente
856 1196 916 1251 ceci
931 1212 966 1249 en
978 1213 1032 1250 vue

258 1283 294 1338 de
307 1294 444 1358 tromper,
456 1304 503 1340 car
519 1274 587 1339 bien
599 1302 655 1359 que
674 1284 701 1340 ia
712 1286 798 1340 Terre
811 1285 867 1338 soit
880 1283 983 1339 divisis
997 1301 1033 1337 en

255 1383 317 1447 sept
330 1374 443 1448 parties,
458 1373 477 1427 il
488 1374 574 1428 existe
585 1373 762 1441 neanmoins,
777 1372 846 1428 dnus
857 1373 983 1439 chacune
997 1371 1033 1426 de

256 1480 301 1516 ces
322 1464 439 1536 parties,
458 1462 609 1535 beaucoup
631 1462 667 1517 de
686 1462 741 1515 lois
769 1462 819 1535 qui
840 1460 973 1516 disserent
993 1461 1032 1514 ies

256 1568 327 1605 unes
341 1550 390 1606 des
401 1560 505 1607 autres.
519 1550 564 1608 En
580 1550 665 1618 effet,
682 1568 720 1605 on
730 1568 767 1605 ne
782 1561 882 1604 nonve
898 1567 949 1623 pas
962 1549 1031 1604 dans

256 1637 283 1692 le
299 1640 403 1695 monde
414 1650 477 1714 sept
491 1640 543 1694 lois
559 1640 636 1695 selon
649 1640 676 1694 ie
692 1638 813 1693 nombre
830 1638 879 1694 des
890 1649 953 1714 sept
969 1639 1032 1712 plu·

255 1725 348 1800 netes,
369 1730 399 1782 ni
423 1727 514 1783 douae
533 1729 612 1783 selon
629 1728 654 1783 ie
677 1728 798 1783 nombre
812 1727 861 1782 des
881 1727 972 1801 signes
994 1726 1033 1781 du

256 1816 415 1891 Zodiaque‚
429 1818 458 1871 ni
476 1817 623 1893 trentesix
638 1818 717 1872 seton
734 1818 759 1871 le
773 1817 896 1871 nombre
915 1816 964 1871 des
978 1817 1035 1870 De'·

1084 571 1853 652 cans(1);maisiiexistebeaucoupdeioisdansrhaqne

1085 664 1154 731 citat,
1167 662 1237 718 dans
1251 664 1361 737 chaque
1376 664 1504 733 contine,
1522 661 1591 717 dans
1600 661 1714 735 chaque
1728 662 1854 735 province
1900 654 1901 667 ¹

1056 742 1060 751 ⁴
1087 763 1115 808 et
1127 751 1197 807 dans
1207 752 1317 827 chaque
1325 750 1494 818 habitation‚
1509 752 1636 823 quisout
1646 748 1810 806 disserentes
1822 749 1853 804 de

1087 840 1212 896 cciiesde
1221 840 1294 896 leurs
1301 842 1405 897 voisins
1415 883 1421 898 .
1432 843 1508 896 Vnus
1516 859 1589 895 vous
1596 840 1729 913 rappeiea
1738 857 1770 894 ce
1776 858 1827 913 que
1832 838 1856 909 je

1086 947 1157 985 vous
1169 931 1195 984 ai
1210 929 1263 1001 dit,
1278 949 1345 1005 que,
1359 929 1428 985 dans
1442 929 1470 984 le
1483 930 1576 984 anime.
1589 929 1687 984 climat
1702 926 1753 983 des
1762 927 1854 995 Inde,

1088 1019 1106 1071 ii
1119 1019 1206 1074 existe
1219 1018 1401 1077 deshommes
1408 1020 1458 1093 qui
1471 1037 1507 1074 ne
1519 1028 1653 1093 mangent
1662 1034 1714 1091 pas
1724 1018 1752 1072 la
1762 1016 1855 1072 riande

1088 1107 1284 1179 desanimaux‚
1296 1108 1509 1182 etd’autresqui
1520 1108 1616 1162 vivent
1624 1106 1855 1162 deehairhurnni-

1087 1214 1134 1253 ne.
1150 1193 1185 1252 Je
1198 1216 1269 1252 vous
1279 1198 1305 1253 ai
1318 1197 1361 1252 dit
1374 1214 1479 1252 encore
1492 1197 1690 1251 relativement
1702 1212 1759 1250 aux
1769 1197 1855 1250 Perses

1088 1294 1116 1338 et
1130 1303 1184 1345 nux
1195 1287 1302 1361 Meges,
1318 1303 1374 1359 que
1394 1303 1425 1341 ce
1437 1284 1509 1340 n'est
1519 1304 1570 1359 pas
1586 1282 1822 1340 .‚euie1ncntdaus
1835 1284 1857 1337 Ιε

1089 1373 1185 1428 climat
1210 1374 1247 1431 de
1268 1376 1293 1430 ia
1318 1376 1399 1431 Perse
1425 1393 1480 1448 que
1501 1375 1541 1430 ies
1567 1373 1697 1429 hommes
1721 1384 1857 1446 prennent

1090 1481 1202 1518 cornme
1218 1466 1336 1537 epouses
1356 1465 1430 1518 ierus
1450 1461 1521 1518 iiiies
1535 1474 1564 1517 et
1587 1465 1664 1517 leurs
1678 1480 1781 1529 meurs,
1793 1462 1855 1516 mais

1090 1553 1166 1607 aussi
1187 1570 1244 1625 que
1262 1551 1330 1607 dans
1346 1552 1456 1625 chaque
1474 1569 1546 1626 pays
1565 1553 1603 1605 nir
1618 1551 1653 1606 iis
1669 1561 1735 1607 sont
1749 1550 1855 1615 ctahiis,

1089 1639 1122 1694 iis
1138 1652 1189 1695 out
1201 1641 1319 1697 observt·
1333 1642 1360 1697 ia
1374 1651 1507 1695 coutuure
1521 1641 1643 1696 deleurs
1658 1641 1742 1715 peres
1755 1650 1782 1695 et
1793 1639 1856 1695 snivi

1090 1729 1130 1783 ies
1151 1729 1286 1803 mysteres
1300 1749 1358 1803 que
1379 1730 1492 1786 ceux-ci
1507 1731 1571 1789 leur
1589 1731 1704 1785 avaient
1725 1730 1856 1783 transmis.

1090 1817 1321 1874 Souvenea-vous
1338 1821 1496 1893 &galement
1510 1818 1577 1892 qu'ii
1597 1837 1614 1893 y
1631 1819 1811 1892 abeaueoup
1828 1816 1858 1875 tic

287 1946 323 2012 (ι)
347 1949 394 1997 Les
411 1947 488 1997 douae
510 1946 592 2010 signes
612 1947 646 1997 riu
666 1945 788 2010 zodimne
806 1946 899 1996 etaient
918 1945 1031 2010 partages
1057 1956 1060 2016 Ι
1088 1948 1136 1998 iius
1149 1950 1303 2011 (Astronom.
1318 1949 1362 2000 iih.
1374 1954 1399 2011 t,
1415 1964 1439 2000 v.
1456 1955 1502 2000 298
1514 1949 1562 2011 )en
1572 1950 1641 2013 parte
1656 1964 1687 2000 en
1701 1964 1743 2000 ees
1754 1952 1856 2000 termes·

254 2021 349 2069 chacun
361 2031 392 2067 en
404 2018 464 2068 trois
477 2018 583 2081 parties,‘
592 2017 699 2068 formant
717 2032 749 2067 nu
760 2018 821 2067 totai
841 2016 873 2067 de
887 2016 1031 2073 trente-six.

253 2089 359 2153 tesqueis
383 2102 411 2139 se
434 2089 575 2139 trouvaient
597 2088 735 2139 subdivises
756 2090 914 2139 eux-memes
937 2087 1030 2137 codix

253 2162 344 2224 parties
354 2161 467 2224 appetens
485 2160 583 2211 decons
597 2178 607 2212 .·
620 2182 633 2205 ι
650 2159 747 2224 singula
767 2159 836 2223 signe
846 2160 872 2208 in
886 2162 938 2215 tres
950 2162 1032 2222 partes

253 2232 393 2282 dividuntur
414 2248 420 2279 ι
439 2232 541 2295 singula
557 2236 640 2282 sutem
659 2234 742 2297 partes
758 2228 866 2295 singulos
880 2229 972 2280 habent
987 2230 1030 2280 cte-

1151 2087 1305 2149 Quapropter
1319 2083 1400 2146 Graiae
1412 2082 1494 2134 dixere
1509 2083 1616 2134 Deeania
1630 2089 1734 2149 gentes?

1150 2161 1170 2205 Α
1182 2169 1285 2207 numero
1296 2169 1384 2205 nomen
1402 2154 1511 2219 positum
1525 2160 1572 2211 est.
1585 2156 1652 2219 quod
1664 2157 1777 2220 partibus
1789 2160 1848 2205 astra

1155 2227 1260 2278 condita
1271 2227 1372 2277 tricenis
1381 2226 1527 2290 tripiieisuh
1539 2228 1606 2277 sorte
1620 2227 1741 2288 teruntur,

1150 2300 1181 2348 iit
1192 2298 1305 2349 tribuunt
1319 2298 1394 2351 denes
1405 2297 1431 2347 in
1449 2311 1476 2348 se
1490 2297 1636 2348 coeuntibus
1651 2300 1735 2360 astris,

252 2315 335 2362 nanos,
347 2305 376 2352 ut
398 2302 486 2352 sintin
507 2303 608 2367 singuiis
626 2302 700 2367 signis
721 2302 784 2353 terni
796 2301 889 2351 decani.
904 2322 915 2345 ι
930 2300 1032 2365 (iulius

1151 2373 1227 2433 inque
1243 2370 1321 2419 vicem
1336 2368 1411 2419 ternis
1426 2368 1570 2418 habitantur
1582 2369 1677 2433 singnis
1689 2369 1772 2434 siguis.

255 2373 381 2435 Firminus,
398 2372 434 2423 ud
446 2375 559 2424 Morort
573 2375 639 2425 ron.
656 2377 769 2431 Astron,
786 2387 818 2436 μιν
846 2376 881 2421 17.
892 2372 900 2434 )
912 2371 1026 2421 —Mani-

689 2639 833 2727 eusebius,
849 2642 979 2703 Preparat.
995 2639 1114 2700 evangel„
1130 2640 1178 2691 loe.
1190 2641 1244 2701 cit,
1258 2639 1273 2703 §
1288 2645 1413 2690 tuit-22.

255 2756 335 2832 αὐτῷ.
344 2756 380 2813 0t
394 2752 421 2811 δὲ
434 2755 593 2834 ἀστρονόμοι
607 2755 671 2836 φασὶ
681 2761 730 2827 τὴν
741 2761 790 2836 γῆν
803 2757 900 2830 ταύτην
917 2757 1025 2837 μεμερί-
1083 2757 1151 2817 κατά
1164 2757 1224 2826 τοὺς
1239 2757 1307 2816 insit
1320 2758 1442 2840 ἀστέρας,
1457 2760 1515 2819 οὐδὲ
1528 2758 1629 2821 δώδεκα
1644 2758 1714 2817 κατὰ
1730 2758 1761 2816 τά
1773 2758 1854 2828 (stre

254 2848 314 2901 σθαι
326 2845 361 2909 εἰς
375 2843 441 2901 ἑπτὰ
453 2843 583 2919 κλίματα,
597 2845 642 2902 καὶ
660 2845 749 2925 ἄρχειν
765 2845 877 2905 ἑκάστου
896 2844 1024 2921 κλίματος
1083 2840 1141 2905 otti
1156 2846 1325 2927 τριακονταὲξ
1341 2851 1410 2908 κατὰ
1432 2847 1492 2915 τοὺς
1517 2848 1653 2918 δεκανοθς,
1675 2847 1745 2906 ἀλλὰ
1766 2845 1853 2925 μορίω.

253 2931 365 3004 ένατῶν
391 2931 458 2990 ἑπτά
487 2935 613 3010 ἀστέρων
635 2936 680 2992 καὶ
695 2935 754 3000 τοὺς
775 2934 912 3015 διαφόρους
933 2934 1027 3010 νόμους
1088 2934 1268 3012 Μνημονεύειν
1290 2960 1320 2994 τε
1347 2935 1464 3015 ὀφείλετε
1479 2927 1516 2995 ὧν
1544 2940 1685 3014 προεῖπον,
1711 2935 1750 2992 ὅτι
1773 2934 1853 2991 καὶέν

253 3021 291 3098 μὴ
307 3019 366 3086 τοὺς
382 3019 533 3102 ἀνθρώπους
547 3023 689 3082 τεθεικέναι
710 3025 818 3097 ἑαυτοῖς,
836 3023 893 3084 ἀλλ’
915 3024 1025 3083 ἑκάστου

254 3109 379 3189 ἄρχοντος
392 3111 543 3180 πλεονάζειν
567 3112 596 3169 τὸ
611 3112 713 3188 θέλημα
731 3115 757 3170 ἐν
775 3114 809 3190 τῇ
824 3115 878 3194 ἷδίφ
894 3114 987 3192 χώρφ,
998 3111 1026 3170 δν

251 3199 329 3274 νόμον
341 3199 505 3275 νενομίκασιν
523 3205 547 3259 οἱ
561 3201 746 3281 κροτούμενοί.

291 3290 308 3365 S
335 3309 383 3347 ar.
414 3287 593 3366 Ἀπεκρίνατο·
624 3292 682 3348 Οὐκ
709 3289 809 3362 ἀληθὴς
840 3296 856 3362 ἡ
891 3290 1026 3369 ἀπόκρισις

252 3365 368 3447 αὕτη,ὦ
388 3375 521 3435 Φίλιππε·
538 3379 561 3434 εί
576 3379 626 3456 γὰρ
641 3378 684 3434 καὶ
708 3377 831 3458 διῄρηται
847 3384 864 3449 ἡ
883 3377 1024 3455 οἰκουμένη

251 3466 286 3529 εἷς
300 3463 367 3542 μέρη
381 3464 462 3537 ἑπτά,
483 3465 542 3522 ἀλλ’
557 3456 602 3523 οὖν
620 3487 649 3542 γε
666 3467 692 3523 ἐν
707 3466 856 3547 μιᾷμερίδι
869 3467 1023 3546 εὑρίσκομεν

252 3551 350 3618 πολλάς
371 3552 495 3633 διαφοράς
517 3552 614 3630 νόμων·
640 3552 697 3612 οὐδὲ
718 3554 769 3635 γάρ
793 3554 860 3614 ἑπτά
881 3555 955 3632 νόμοι
975 3555 1024 3615 εἰσὶ

1085 3026 1123 3082 ένὶ
1136 3025 1246 3101 κλίματι
1260 3025 1306 3083 καί
1321 3028 1348 3082 ἐν
1363 3035 1412 3102 μιᾷ
1426 3026 1502 3107 χώρφ
1517 3029 1568 3084 τῶν
1583 3026 1671 3087 Ἰνδῶν
1686 3026 1749 3083 εἰσὶν
1761 3027 1852 3102 ἀνθρω-

1083 3113 1196 3192 nopai-(or
1209 3113 1297 3181 Ἰνδοὶ,
1315 3111 1360 3172 καί
1370 3113 1435 3171 εἰσὶν
1450 3116 1474 3172 οἱ
1491 3112 1618 3194 ἐμψύχων
1633 3112 1802 3193 ἀπεχόμενοι,
1813 3110 1852 3168 καὶ

1082 3200 1122 3258 ὅτι
1145 3204 1169 3259 oi
1183 3202 1351 3279 Μαγουσσιῖοι
1366 3204 1414 3261 οὐκ
1435 3204 1461 3260 έν
1478 3204 1590 3283 Περσίδι
1609 3202 1677 3280 μόνῃ
1692 3202 1739 3267 τάς
1753 3197 1850 3277 θυγαεέ·

1084 3312 1131 3368 ρας
1145 3295 1286 3369 γαμοῦσιν,
1303 3289 1373 3348 ἀλλδι
1395 3289 1441 3349 καί
1461 3291 1486 3349 ἐν
1500 3291 1578 3348 παντὶ
1594 3288 1676 3363 ἔθνει,
1693 3289 1758 3348 ὅπου
1775 3286 1804 3345 δν
1817 3287 1851 3343 oi-

1081 3378 1198 3449 κήσωσι,
1217 3376 1277 3444 τοὺς
1294 3381 1346 3435 τῶν
1365 3377 1499 3459 προγόνων
1515 3379 1692 3459 φυλάσσοντες
1706 3376 1796 3453 νόμους
1810 3375 1850 3433 καί

1080 3468 1131 3523 τῶν
1146 3467 1296 3544 μυστηρίων
1312 3469 1397 3525 αὐτῶν
1411 3467 1457 3533 rire
1470 3468 1584 3534 τελετάς.

1120 3558 1136 3632 §
1165 3577 1214 3645 ²²st
1243 3554 1321 3615 Ἀλλά
1336 3557 1381 3614 καὶ
1403 3555 1490 3620 πολλδι
1516 3555 1638 3636 βάρθαρα
1662 3553 1725 3627 έθνη
1750 3553 1850 3613 seuit.

862 3692 965 3753 itecogn.
981 3690 1021 3739 Ps.
1037 3690 1125 3751 ciem,
1138 3691 1238 3785 lxxem·

252 3806 383 3861 mathesis
401 3805 503 3860 eruditi
518 3819 601 3877 sunt,
615 3808 747 3864 Genesim
765 3810 792 3864 in
804 3822 911 3884 septem
931 3820 1025 3883 partes

251 3893 355 3961 dirimi,
373 3913 436 3968 qnae
448 3895 487 3948 iiii
503 3896 619 3951 climata
632 3898 786 3971 appellant,
796 3899 938 3954 dominari
952 3917 1022 3954 vero

251 3984 404 4057 uuicuique
417 3984 522 4038 climati
535 4004 622 4040 unam
634 4004 667 4041 ex
683 3998 791 4061 septem
804 3988 902 4057 stellis,
917 3997 944 4043 et
958 3989 1024 4042 istas

252 4089 321 4143 (quas
333 4073 514 4146 exposuimus
526 4073 648 4130 diversas
659 4076 733 4150 leges
741 4095 801 4131 non
813 4076 848 4131 ab
858 4077 1023 4131 hominibus

250 4161 369 4234 positas,
383 4159 432 4216 sed
447 4161 482 4216 ab
498 4163 557 4217 istis
570 4165 748 4238 principibus
762 4165 919 4220 secundum
929 4167 1022 4220 unius·

249 4247 385 4323 cujusque
403 4250 596 4320 voluntatem
612 4263 640 4307 et
657 4254 713 4308 hoc
726 4254 807 4328 quod
824 4255 910 4309 steliae
931 4256 1020 4308 visum

190 4346 191 4349 ’
249 4348 299 4407 est,
316 4339 407 4413 legem
417 4339 453 4393 nb
466 4340 629 4395 hominibus
643 4341 830 4399 observatam.

287 4426 333 4483 Ad
345 4428 405 4483 haec
423 4446 492 4503 ergo
505 4428 837 4503 respondebimus,quod
850 4430 944 4503 primo
957 4431 1020 4505 qui-

249 4516 312 4571 dem
327 4536 385 4573 non
399 4528 439 4572 est
451 4519 480 4572 in
489 4530 593 4592 septem
607 4530 701 4594 partes
716 4520 793 4575 orbis
805 4531 886 4574 terrae
902 4518 1020 4594 divisus,

1078 3827 1137 3864 una
1145 3794 1263 3911 regique
1277 3811 1437 3864 invenimus
1449 3810 1552 3865 multas
1566 3808 1739 3864 differentias
1751 3809 1848 3882 iegunq

1079 3910 1108 3953 et
1127 3900 1193 3955 ideo
1208 3916 1301 3971 neque
1321 3909 1429 3973 septem
1447 3910 1513 3957 sunt
1529 3897 1686 3957 secuudum
1705 3913 1846 3952 numerum

1080 3989 1235 4065 stellarum,
1278 4006 1351 4060 eque
1365 3987 1518 4044 duodecim
1534 3988 1692 4044 secundum
1707 4003 1846 4044 numerum

1080 4070 1240 4144 signorum,
1278 4089 1351 4143 eque
1371 4070 1485 4145 triginta
1500 4081 1529 4124 et
1552 4086 1600 4122 sex
1623 4066 1778 4121 secundum
1795 4081 1843 4117 nu-

1079 4177 1189 4214 merum
1202 4162 1277 4215 Deca
1301 4176 1400 4229 orum,
1419 4158 1465 4213 sed
1479 4166 1543 4212 sunt
1559 4156 1726 4209 innumerae.

1121 4248 1293 4318 27.h1eminr
1343 4246 1688 4304 autemdebemuseorum
1700 4255 1844 4315 quaesupra

1081 4342 1418 4417 enumeramsunt},quod
1427 4345 1455 4398 in
1467 4360 1523 4396 una
1533 4339 1620 4396 indiae
1632 4341 1748 4415 regione
1757 4344 1844 4393 suntet

1081 4437 1130 4510 qui
1139 4434 1288 4490 hominum
1297 4420 1430 4505 carnibus
1436 4440 1596 4502 vescantur,
1607 4440 1634 4483 et
1643 4440 1709 4484 sunt
1716 4427 1762 4500 qui
1771 4426 1843 4480 etiarr

1082 4545 1098 4580 a
1111 4524 1271 4601 pecudibus
1285 4526 1330 4579 vei
1342 4512 1442 4603 abhus
1457 4520 1646 4592 omnibusque
1668 4513 1833 4573 animantius

249 4622 306 4664 tum
322 4605 425 4662 deinde
449 4609 518 4661 etsi
540 4609 578 4662 ita
593 4620 680 4676 esset,
705 4611 737 4664 in
759 4627 817 4663 una
840 4618 923 4682 parte
946 4620 974 4663 et
993 4609 1020 4662 in
1046 4618 1052 4671 Ι
1081 4615 1242 4671 abstineant
1257 4606 1577 4703 etquiaitagusaeinon
1591 4608 1685 4661 sotum
1700 4608 1729 4660 in
1743 4598 1830 4660 Persii

835 4738 971 4797 cesarius,
986 4739 1150 4800 Quiestiones,
1166 4739 1263 4788 touch
1404 4760 1411 4805 ι

246 4847 371 4923 κειμένοιν
385 4850 513 4931 ἀστέρων,
529 4852 564 4917 εἰς
578 4851 646 4909 int&
659 4849 769 4930 λέγομεν
778 4850 896 4929 κλίματα
909 4850 954 4924 τλν
971 4858 1019 4931 γῆν

247 4938 416 5015 διαιρεῖσθαι,
428 4938 472 4997 καί
489 4939 616 5020 ἄρχεσθαι
628 4939 738 5000 ἕκαστον
750 4941 835 5017 κλίμα
846 4941 888 5023 ὑφ’
901 4942 956 5010 ἑνὸς
972 4947 1025 5002 τῶν

247 5025 379 5105 ἀστέρων,
401 5027 446 5085 καί
467 5027 530 5106 πρὸς
549 5028 654 5088 ἐκείνοιν
672 5029 827 5106 συμπλοκάς
846 5030 955 5111 ἄγεσθαι
978 5034 1023 5092 καὶ

246 5115 431 5173 ἀποτελεῖσθαι
452 5116 512 5185 τοὺς
530 5118 699 5198 ἀρχομένους·
720 5117 784 5199 ὅπερ
797 5119 875 5197 νόμον
894 5124 960 5189 τινὲς
977 5122 1025 5193 τὴν

246 5207 290 5261 τοῦ
304 5203 401 5281 ἄστρου
419 5206 548 5283 ἐνέργειαν
559 5207 690 5285 λέγουσιν.

301 5290 356 5354 Καὶ
369 5294 440 5367 πῶς,
454 5295 477 5352 εἰ
497 5298 618 5375 έπεαχῶς
633 5297 772 5376 διαιρεῖται
795 5302 811 5369 ἡ
827 5299 981 5376 οἰκουμένη,
997 5302 1024 5358 ἐν

1401 4718 1406 4753 t

1081 4858 1131 4934 μιᾷ
1148 4851 1232 4933 μερίδι
1248 4850 1359 4918 πολλοὺς
1372 4851 1417 4909 καὶ
1429 4849 1565 4929 διαφόρους
1580 4847 1676 4924 νόμους
1686 4844 1843 4924 εθρίσκομεν,

1082 4943 1127 5000 καί
1142 4940 1200 5000 οὔτε
1215 4941 1283 5001 ἑπτά
1305 4941 1382 5016 μόνον
1395 4936 1467 4999 arisit
1481 4937 1539 5004 τοὺς
1559 4936 1682 5015 ἀστέρας,
1704 4933 1760 4993 οὔτε
1774 4933 1808 4995 δίε
1817 4925 1841 4993 ἓξ

1080 5030 1149 5090 κατά
1178 5029 1235 5098 τοὺς
1260 5028 1418 5105 ζωδιακοδς,
1444 5027 1504 5109 οὐδ’Υ
1530 5018 1563 5085 αθ
1587 5026 1667 5086 πάλιν
1691 5014 1843 5105 τριακονταὲξ

1081 5117 1149 5179 κατὰ
1163 5119 1221 5186 robe
1236 5118 1379 5196 braunche,
1395 5116 1465 5177 ἀλλὰ
1490 5116 1580 5197 μυρίοι
1595 5112 1797 5195 μνημονεύονται
1808 5104 1842 5162 νό-

1082 5232 1136 5287 μοι,
1152 5206 1235 5269 πάλσιι
1247 5206 1415 5288 άμειφθέντες
1428 5206 1474 5264 καὶ
1486 5210 1530 5263 νῦν
1548 5204 1721 5283 ὑπάρχοντες.
1736 5200 1795 5262 Πῶς
1805 5192 1841 5260 3έὶ

1083 5302 1109 5356 ἐν
1125 5302 1214 5379 ταύτῷ
1231 5296 1353 5375 τμήματι
1374 5294 1433 5361 τοὺς
1453 5293 1671 5387 ἀνθρωποφάόρους
1693 5286 1785 5353 Ἰνδοὶις
1806 5280 1841 5341 καὶ
