3890 6044
314 446 368 524 ur
949 440 1258 518 ‚prosecuturus
1290 398 1295 409 ’

314 577 416 636 eodem
437 574 608 653 Thucydide
627 574 791 634 locutiones
810 574 937 633 mutuari
958 573 1071 633 adamat
1090 588 1151 633 tum
1176 573 1207 632 in
1228 592 1325 632 rerum
1352 572 1497 649 gestarum
1521 572 1687 631 narratione
1711 584 1769 630 tum
1789 592 1852 633 vero
1864 575 1889 633 io

314 673 428 732 duabus
443 672 504 731 illis
518 670 596 748 regis
614 670 852 749 orationibus(1,
868 692 896 732 c.
914 680 949 741 ι4
966 689 1032 747 sqq.
1054 683 1094 730 et.
1108 691 1133 728 c.
1148 670 1186 736 48
1203 667 1297 746 sqq),
1313 689 1378 747 quae
1399 668 1508 746 passim
1530 666 1699 726 centonibus
1711 666 1889 744 Thucydideis

315 771 522 830 consarcinatae
545 781 623 829 sunt.
649 769 783 827 Ceterum
803 788 820 827 a
842 787 942 847 pressa
963 766 1146 850 Thucydidis
1168 765 1298 825 dictione
1321 765 1409 842 longe
1434 764 1516 824 abest
1535 763 1705 824 Critobulea
1726 762 1889 837 verbositas,

315 878 395 926 tanto
408 865 558 925 molestior
571 865 622 924 illa
636 885 727 942 quum
747 865 861 925 variare
878 864 1018 943 loquendi
1040 865 1179 923 formulas
1193 862 1337 923 nonsatis
1357 876 1457 922 auctor
1479 863 1603 922 noverit.
1617 862 1765 942 imprimis
1782 863 1833 921 hoc
1850 864 1886 920 oi·
1920 880 1921 947 p

316 963 462 1023 feudimur
477 965 509 1023 in
530 963 703 1043 proeliorum
724 962 970 1041 descriptionibus
989 982 1054 1041 quae
1070 963 1106 1021 ad
1126 963 1203 1022 idem
1224 960 1372 1039 exemplar
1385 979 1486 1019 omnes
1506 960 1667 1018 efformatae
1690 979 1752 1019 esse
1771 959 1890 1018 videntur
1920 950 1921 977 l

315 1080 370 1120 uec
390 1072 448 1120 tam
468 1060 608 1120 historico
622 1059 801 1118 conveniunt
820 1076 906 1137 quam
921 1072 1014 1138 poetae
1033 1063 1131 1137 epico,
1147 1059 1199 1137 qui
1217 1059 1384 1136 strepitum,
1403 1056 1558 1129 clamores,
1579 1075 1739 1115 concursus
1761 1067 1892 1134 ceteraque
1920 1104 1921 1143 ,

315 1175 480 1234 pugnarum
497 1156 730 1215 teniculamenta
743 1154 844 1215 verbis
857 1155 978 1233 pingere
991 1156 1159 1214 delectatur.
1174 1154 1226 1213 Sin
1244 1154 1306 1213 haec
1328 1154 1417 1214 missa
1434 1153 1553 1226 feceris,
1570 1153 1670 1229 negari
1692 1152 1792 1230 nequit
1814 1151 1892 1210 Crito·
1920 1164 1921 1221 }

314 1253 417 1312 berlum
442 1253 573 1312 oratione
593 1251 740 1331 simplici,
766 1251 937 1330 perspicua,
959 1253 1095 1329 easdgata
1122 1273 1176 1312 nec
1197 1251 1255 1311 nisi
1276 1251 1351 1310 raris
1370 1250 1516 1328 sequioris
1541 1248 1695 1325 graeoitatis
1723 1246 1812 1306 uaeris
1830 1245 1891 1304 offa·
1920 1260 1921 1335 4

315 1349 437 1429 scata(*)
448 1351 535 1426 longe
548 1362 614 1428 post
623 1368 655 1408 se
672 1349 839 1426 relinquere
852 1362 1013 1409 coaetaneos
1023 1349 1188 1422 historicos,
1200 1348 1372 1407 Phrantzem
1384 1346 1433 1424 ajo
1442 1358 1471 1404 et
1480 1345 1589 1404 Ducam
1600 1357 1629 1402 et
1638 1341 1892 1419 Chalcocondylam
1919 1386 1921 1403 .

315 1467 439 1526 quorum
458 1447 523 1523 hic,
546 1459 580 1506 ut
600 1446 789 1505 Immanuelis
802 1446 925 1504 bekkeri
937 1446 1038 1505 verbis
1047 1460 1124 1520 utar,
1136 1445 1276 1506 Herodoti
1289 1445 1420 1503 imitator
1430 1443 1666 1513 infelicissimus,
1682 1441 1751 1500 dum
1762 1439 1891 1499 lunonem

313 1555 425 1621 captat,
436 1561 454 1603 a
466 1541 546 1601 nube
559 1543 632 1601 adeo
645 1541 802 1621 decipitur,
817 1555 850 1601 ut
863 1561 940 1621 saepe
951 1562 988 1602 ne
1002 1544 1067 1622 ipse
1080 1543 1198 1622 quidem
1212 1541 1283 1621 quid
1299 1539 1396 1600 dicere
1410 1540 1483 1598 velit
1496 1557 1583 1598 nosse
1600 1539 1747 1600 videatur.

352 1639 419 1698 dam
434 1639 513 1718 quod
528 1629 614 1697 fidem
627 1651 656 1697 et
668 1641 870 1699 auctoritatem
884 1639 1038 1717 scriptoris
1052 1642 1169 1713 attinet,
1196 1654 1379 1715 summopere
1392 1655 1423 1695 se
1438 1635 1617 1696 allaborasse
1630 1634 1798 1695 Critobulus
1809 1632 1893 1712 profi·

313 1750 401 1809 tetur,
413 1749 447 1795 ut
460 1747 624 1795 accuratam
641 1753 739 1793 rerum
758 1747 904 1811 gestarum
924 1737 1121 1812 cognitionem
1143 1735 1201 1795 sibi
1225 1745 1416 1812 compararet.
1430 1731 1524 1793 notet
1539 1730 1677 1810 μογήσας,
1695 1732 1791 1810 inquit
1812 1732 1890 1809 (epist.

312 1835 330 1910 S
349 1835 391 1909 4),
404 1829 462 1891 otti
473 1830 525 1911 γὰρ
539 1830 614 1899 αὐτὸς
628 1834 681 1899 τοῖς
696 1827 780 1911 ἔργοις
794 1829 926 1905 ἐπέστην,
941 1832 984 1891 ἵνα
998 1831 1030 1903 δὴ
1044 1833 1091 1893 καὶ
1105 1830 1136 1891 rh
1154 1830 1260 1911 dxprdir
1282 1829 1382 1890 τούτων
1410 1829 1522 1905 εἰδείην,
1539 1827 1597 1889 ἀλλ’
1609 1830 1724 1909 ἱστορῶν
1743 1851 1771 1889 τε
1790 1826 1842 1903 ἅμα
1856 1826 1891 1885 καὶ

312 1928 504 2007 πυνθανόμενος
520 1932 573 1990 τῶν
585 1927 690 1988 εἰδότων
704 1929 749 1988 καὶ
761 1932 796 1997 ὡς
811 1930 870 2001 (νῆν
886 1929 999 2008 ἀκριόῶς
1012 1927 1149 2007 ἐξετάζων,
1169 1927 1312 2008 {arrisere
1329 1931 1406 1986 τοῦτο
1416 1925 1447 1985 τὸ
1462 1925 1574 2005 βιὸλίον.
1590 1927 1727 1987 Attamen
1746 1927 1838 2005 obplas
1858 1923 1893 1983 sic

315 2015 450 2085 collectas
464 2022 610 2085 interdum
625 2045 743 2085 mancas
756 2044 810 2084 nec
829 2025 866 2084 ab
880 2024 1032 2084 erroribus
1047 2045 1155 2085 vacuas
1167 2025 1255 2085 fuisse
1275 2024 1348 2103 ipsis
1361 2022 1492 2082 historiis
1510 2021 1729 2101 comprobator.
1745 2022 1823 2081 llaud
1838 2040 1894 2079 raro

314 2124 392 2182 enim
408 2122 529 2201 accidit,
545 2136 577 2181 ut
590 2141 780 2201 personarum
798 2137 827 2181 et
847 2123 979 2183 locorum
998 2126 1118 2184 nomina
1131 2125 1209 2184 haud
1228 2136 1305 2183 recte
1324 2121 1474 2181 tradantur
1487 2134 1516 2180 et
1529 2123 1697 2200 negligatur
1720 2123 1792 2181 ordo
1811 2139 1893 2180 rerum

314 2218 551 2296 chronologicus.
576 2220 624 2278 sic
643 2219 827 2280 lastinianus
846 2220 898 2279 ille
923 2220 1102 2296 Ganuensis,
1123 2222 1175 2300 qui
1202 2218 1489 2298 Constantinopolim
1513 2231 1616 2278 eontra
1634 2220 1748 2279 Turcos
1768 2217 1893 2288 defendit,

314 2314 424 2394 ubique
442 2327 564 2375 vocatur
577 2314 710 2376 lustinus
724 2316 764 2393 (1,
776 2316 813 2375 25
833 2319 928 2394 sqq.);
943 2338 999 2395 pro
1013 2317 1141 2395 Georgio
1155 2318 1264 2377 Serriae
1284 2316 1418 2395 principe
1438 2314 1527 2373 hahes
1541 2315 1683 2374 lazarum
1699 2318 1742 2395 (a,
1756 2318 1774 2375 6
1790 2312 1859 2392 sqq.)
1872 2324 1895 2371 et

316 2432 372 2491 pro
386 2410 513 2470 Callisto
527 2413 627 2474 Romae
641 2414 779 2492 pontifice
793 2415 1039 2492 predecessorum
1050 2415 1114 2493 ejus
1127 2416 1277 2474 Nicolaum
1291 2416 1334 2489 (a,
1348 2412 1396 2489 23)
1407 2456 1416 2485 ,
1429 2425 1458 2470 et
1470 2432 1525 2490 pro
1540 2410 1663 2471 Nicolao
1679 2412 1766 2473 Lesbi
1779 2411 1894 2491 principe

314 2506 487 2567 Nicoreaum
504 2508 546 2582 (4,
572 2530 617 2583 rr,
637 2513 674 2586 1).
689 2509 815 2570 Minoris
832 2512 973 2570 momenti
993 2527 1060 2572 sunt
1078 2512 1236 2589 sphalmata
1253 2508 1445 2587 geographica
1464 2528 1501 2567 ex
1524 2528 1560 2567 eo
1575 2509 1704 2569 oriunda
1722 2509 1797 2588 quod
1810 2507 1893 2566 Crito·

309 2604 415 2684 bulus,
431 2625 511 2664 more
528 2606 742 2666 eruditulorum
761 2607 1006 2684 byzantinorum,
1026 2607 1197 2668 nominibus
1215 2627 1280 2685 quaa
1299 2620 1369 2665 tunc
1388 2625 1444 2666 usu
1466 2604 1645 2680 terebantur,
1659 2608 1780 2667 nomina
1792 2605 1894 2681 antiqua

311 2715 418 2760 temere
444 2695 828 2776 substituit(**).illochlium
855 2703 1051 2782 Peloponnesi
1074 2704 1224 2763 castellum
1252 2724 1309 2782 pro
1336 2716 1435 2761 vetere
1460 2705 1556 2780 Tegea
1581 2704 1714 2763 venditat
1734 2706 1773 2782 (a,
1788 2704 1814 2780 4)
1821 2700 1893 2774 ;lllo·

311 2795 461 2855 nembasia
471 2799 500 2855 ei
514 2810 558 2856 est
569 2795 734 2876 Epidaurus
746 2798 878 2873 Limera,
895 2799 1069 2861 hodiernum
1084 2805 1250 2872 Eraeroum,
1264 2800 1403 2860 Chasanis
1417 2800 1623 2860 Armeniorum
1635 2803 1715 2878 regis
1732 2800 1840 2871 sedem,
1852 2794 1895 2854 'll-

311 2906 481 2968 granocerta
494 2894 621 2974 appellat
633 2894 673 2976 (4,
689 2904 704 2964 4
722 2908 750 2955 et
762 2898 809 2976 6),
831 2898 971 2973 quoniam
989 2896 1053 2975 ejus
1074 2897 1203 2955 nominis
1222 2893 1326 2955 urbem
1342 2897 1413 2955 olim
1429 2899 1576 2956 Armeniae
1596 2898 1708 2974 regiam
1725 2898 1810 2957 fuisse
1824 2900 1895 2953 inau-

311 2989 443 3063 diverat3
453 2991 577 3050 Drinum
591 2993 655 3064 vel,
668 3003 701 3051 ut
716 2993 747 3051 in
762 2992 863 3051 codice
874 2994 993 3070 legitur,
1009 2996 1111 3072 Βρῦνον
1124 3012 1188 3050 cum
1204 3005 1304 3051 vetere
1314 2992 1443 3069 Erigone
1458 2994 1617 3072 componit.
1631 2993 1675 3052 Ad
1692 2994 1766 3053 idem
1776 3006 1895 3050 errorum

311 3105 402 3165 genus
416 3087 598 3147 referendum
612 3089 730 3152 ridetur
741 3090 821 3167 quod
837 3089 980 3148 'l‘bomam
1002 3089 1198 3167 Peloponnesi
1217 3089 1368 3168 despotam
1390 3089 1566 3150 Mantineam
1581 3091 1728 3168 aufugisse
1745 3089 1828 3160 dicit,
1839 3105 1896 3165 ¹quo

310 3183 394 3249 urbis
404 3186 523 3244 nomine
543 3190 701 3245 Abarr'rmm
716 3187 854 3266 (veterem
869 3187 987 3265 Pylum)
1006 3188 1172 3263 significare
1186 3186 1326 3248 voluerit.
1341 3191 1385 3245 De
1397 3188 1529 3264 neglecto
1541 3201 1706 3267 temporum
1719 3185 1819 3245 ordine
1835 3182 1897 3243 vide

311 3300 376 3362 quae
389 3283 491 3341 monui
506 3283 542 3341 ad
560 3304 585 3355 1,
601 3284 651 3351 38.
668 3304 696 3355 a,
713 3285 729 3340 3
748 3297 777 3342 et
791 3304 837 3344 ιο.
852 3284 920 3344 Alia
939 3283 1071 3362 quaedam
1086 3282 1163 3342 haud
1183 3295 1260 3341 recte
1276 3283 1397 3354 tradita,
1416 3296 1449 3341 ut
1467 3284 1519 3342 illa
1540 3304 1606 3361 quae
1619 3297 1689 3344 sunt
1705 3284 1740 3344 de
1757 3279 1898 3341 Gennadio

312 3377 355 3455 (a,
371 3376 399 3457 a)
413 3390 442 3435 et
459 3378 495 3436 de
505 3377 618 3438 lonuza
632 3381 673 3457 (α,
687 3382 717 3455 3,
731 3381 773 3458 a),
787 3382 896 3458 passim
909 3392 1076 3440 occurrunt.
1091 3378 1224 3438 Ceterum
1238 3377 1301 3437 haec
1318 3379 1402 3438 facile
1418 3381 1647 3456 condonaveris3
1662 3381 1801 3461 majorem
1812 3377 1896 3437 lahem

312 3472 450 3549 dignitati
464 3474 653 3535 historiarum
671 3490 773 3535 auctor
787 3498 823 3537 co
841 3478 959 3549 intulit,
975 3475 1054 3553 quod
1075 3494 1141 3554 quae
1155 3474 1347 3535 blechemetes
1360 3477 1459 3536 minus
1480 3497 1623 3558 prospere
1637 3481 1728 3555 gessit
1743 3491 1791 3538 aut
1808 3476 1897 3535 odiose

312 3567 414 3661 fecisse
433 3571 528 3630 videri
546 3573 652 3651 possit,
669 3573 785 3633 silentio
800 3575 908 3653 premit
928 3586 978 3632 aut
1000 3572 1031 3631 iu
1055 3572 1178 3649 gratiam
1198 3575 1316 3651 patroni
1330 3595 1348 3633 a
1361 3595 1433 3635 vero
1452 3576 1616 3654 detorquet.
1639 3577 1690 3637 Sic
1709 3577 1803 3638 statim
1822 3572 1898 3634 initio

311 3666 410 3745 operis
426 3666 618 3726 fratricidium
645 3669 762 3744 omisit,
782 3691 842 3748 quo
860 3691 913 3730 reu
933 3670 1082 3731 securitati
1096 3690 1156 3730 suae
1170 3690 1252 3729 more
1265 3672 1391 3732 'l'urcico
1410 3673 1649 3752 prospiciendum
1664 3665 1895 3752 esseputavirpt

311 3774 372 3822 not.
392 3782 417 3837 1,
433 3770 463 3835 4,
479 3760 518 3842 3).
530 3763 642 3823 Deinde
652 3765 760 3824 velavit
778 3766 889 3826 cladem
901 3768 938 3827 ad
957 3766 1131 3845 Belgradum
1152 3782 1315 3846 acceptam,
1329 3788 1415 3847 quam
1438 3770 1484 3828 rel
1501 3769 1643 3830 Turricus
1665 3771 1822 3831 historicus
1837 3766 1897 3825 Set·

310 3858 455 3919 deddinus
473 3863 598 3936 ingenue
623 3861 728 3921 fatetur
750 3864 791 3941 (a,
818 3885 851 3938 17
872 3864 941 3944 sq).
965 3863 1109 3925 Similiter
1124 3866 1223 3925 omnia
1247 3867 1300 3925 illa
1316 3887 1381 3944 quae
1401 3867 1438 3925 de
1455 3866 1544 3926 rebus
1558 3880 1663 3926 contra
1677 3865 1897 3939 Scanderbeguttt

307 3958 397 4033 gestis
410 3958 555 4031 narravit,
567 3971 717 4040 tantopere
729 3963 869 4022 recedunt
880 3983 897 4023 a
910 3965 1025 4024 testium
1038 3964 1336 4044 locupletissimorum
1350 3964 1535 4037 narratione,
1548 3977 1581 4022 ut
1594 3968 1795 4026 auctoritatem
1808 3979 1898 4021 eorum

310 4054 396 4132 plane
410 4057 519 4115 nullam
532 4075 595 4116 esse
610 4071 757 4137 appareat.
825 4076 827 4081 ‘

349 4150 491 4220 Quamvis
501 4154 592 4229 igitur
602 4156 725 4218 multum
739 4155 829 4231 absit,
841 4170 874 4216 ut
881 4158 1051 4218 Critobulus
1063 4157 1196 4217 historici
1211 4168 1308 4234 partes
1322 4156 1378 4214 rite
1389 4155 1569 4233 expleverit,
1580 4156 1628 4216 rel
1640 4157 1684 4216 sic
1694 4171 1789 4217 tamen
1799 4166 1896 4213 tautum

310 4260 354 4308 est
365 4251 464 4330 operis
478 4253 603 4329 pretium
619 4267 651 4313 ut
665 4274 751 4313 nemo
765 4257 817 4333 qui
831 4256 927 4317 denuo
946 4277 993 4316 res
1004 4255 1190 4315 blechemetis
1204 4254 1368 4312 tractandas
1381 4252 1438 4311 sihi
1458 4253 1609 4326 sumserit,
1627 4273 1662 4312 eo
1687 4272 1787 4314 carere
1806 4248 1895 4330 possit.
1920 4238 1921 4303 ἶ

309 4344 400 4405 Multa
409 4365 478 4405 sane
492 4348 587 4409 Duras
596 4364 624 4410 et
636 4351 883 4431 Chalcocondylas
890 4367 919 4413 et
928 4353 1086 4413 Phrautzes
1102 4352 1194 4410 fusius
1206 4364 1235 4409 et
1246 4350 1407 4409 accuratius
1419 4362 1629 4428 exposuerunt,
1643 4350 1722 4410 baud
1736 4368 1825 4429 pauca
1836 4363 1899 4404 vero
1920 4382 1921 4385 ν

310 4443 397 4502 etiam
410 4444 578 4506 Critobulus
592 4448 701 4526 praebet
717 4470 781 4528 quae
794 4451 871 4530 apud
884 4451 952 4510 illos
966 4464 1016 4509 aut
1029 4450 1153 4508 omnino
1168 4468 1226 4506 non
1238 4449 1376 4524 leguntur
1391 4461 1441 4506 aut
1458 4446 1555 4505 obiter
1569 4447 1754 4507 solummodo
1767 4444 1898 4526 perstrin·
1920 4460 1921 4515 ,

307 4539 729 4623 guntur.Ejusmodisuutquae
754 4561 909 4606 narrantur
922 4547 958 4606 de
971 4546 1162 4626 dispositione
1178 4545 1330 4624 copiarum
1344 4543 1535 4602 Turcicarum
1550 4544 1582 4602 iu
1597 4543 1752 4603 obsidione
1768 4543 1900 4601 Constan-
1920 4544 1921 4609 ἶ

307 4637 449 4716 tinopolis
464 4637 506 4718 (ι,
523 4636 585 4718 a7l,
600 4640 636 4699 de
651 4641 842 4702 fabricatione
863 4642 1030 4702 bombardae
1045 4641 1178 4701 maximae
1190 4644 1230 4718 (r,
1251 4641 1312 4717 aq),
1329 4640 1365 4698 de
1379 4639 1564 4701 Mechemetis
1583 4653 1611 4698 et
1631 4640 1772 4716 Paltoglis
1792 4633 1899 4715 expedi·
1920 4652 1921 4709 ἴ

339 4917 373 4983 (³)
388 4922 443 4971 Huc
464 4922 535 4973 rerbi
554 4937 628 4974 causa
637 4926 741 4989 pertinet
756 4926 822 4989 quod
834 4928 857 4984 ἐς
871 4940 915 4990 pro
927 4928 951 4977 ἐν
963 4930 988 4977 et
1001 4927 1055 4977 vioe
1066 4940 1137 4977 rersa
1148 4927 1172 4977 ἐν
1184 4939 1229 4990 pro
1243 4924 1266 4980 ir
1283 4922 1405 4973 nonnullis
1424 4922 1484 4973 locis
1506 4927 1647 4986 usurpatur,
1657 4924 1683 4972 et
1695 4922 1765 4986 quod
1783 4918 1852 4970 molo
1868 4915 1898 4962 ὃν

307 4993 416 5041 statores
432 4992 507 5042 modo
520 4995 556 5043 ὅτι
570 4997 630 5045 πολύ
644 4995 718 5046 dicat.
732 4997 840 5048 Barbara
852 4998 971 5048 voeabula
984 5012 1033 5048 nou
1048 5001 1182 5048 occurrunt
1197 4999 1288 5061 praeter
1302 4995 1415 5056 τοὺφακες
1438 4995 1539 5058 (tutone
1553 4994 1659 5053 turciae,
1677 4992 1767 5058 sueth)
1787 4995 1812 5042 et
1832 4983 1899 5038 cacia
1920 5050 1921 5053 Ἴ

308 5056 425 5140 (pecho).
443 5090 470 5099 —
484 5065 534 5113 Pro
546 5066 589 5115 σὺν
606 5069 632 5115 et
644 5068 676 5122 εἰς
689 5066 782 5130 ubique
800 5068 899 5132 reposui
917 5070 955 5126 ξὺν
966 5071 991 5118 et
1005 5070 1043 5130 t:;
1056 5083 1113 5119 nam
1126 5069 1153 5119 iu
1169 5067 1209 5117 his
1231 5068 1359 5116 auctorem
1378 5063 1517 5127 Thucydidi
1532 5076 1559 5113 se
1578 5062 1702 5113 addixisse
1711 5065 1796 5126 patet,
1805 5058 1863 5109 odeo
1873 5056 1899 5103 ul

308 5133 438 5192 scrrpturaa
452 5131 620 5197 inaequalitas,
636 5150 711 5198 quam
724 5137 802 5188 codex
811 5138 917 5202 praehet,
932 5138 1038 5189 librariis
1051 5139 1086 5189 lm
1103 5139 1195 5191 utenda
1207 5138 1247 5190 sit.

339 5192 600 5260 (Quemadmodum
617 5196 825 5262 chalcocondylas
837 5198 873 5251 sic
885 5202 961 5253 etiam
979 5201 1065 5252 critob
1091 5217 1121 5252 us
1141 5202 1263 5262 ahenos,
1276 5207 1418 5271 ilungaros,
1432 5204 1579 5268 Walaehos,
1596 5204 1693 5258 Servios
1710 5206 1785 5255 voest
1797 5201 1899 5264 [lignos.

307 5258 424 5324 Poenas.
435 5265 515 5319 moos
524 5268 662 5331 deusque,
675 5266 803 5323 triballos.
