3832 6042
447 514 452 525 ,
483 445 487 454 ’
559 472 857 538 commurmnns
878 478 952 543 suc
971 480 1108 543 c‘mnn.
1603 481 1640 541 n

46 593 238 676 διημερεύοντες
256 597 283 655 ῖν
302 602 355 662 τοῖς
378 595 439 676 περὶ
462 601 509 656 τοῦ
525 595 594 658 θείου
611 598 707 676 λόγοις,
725 597 816 680 ἔχουσι
869 605 993 654 aetolum
1007 602 1074 656 dem
1090 603 1116 655 in
1129 604 1219 659 divinis
1231 602 1360 668 colloquiis
1373 600 1523 664 traducunt,
1540 600 1584 653 nbi
1596 601 1642 652 dn·

47 683 71 744 θί
87 683 175 752 σίκσυς
197 685 244 743 καί
268 684 365 761 τεμίνη
386 685 437 744 tet
457 690 507 746 τοῦ
526 686 655 767 βασιλέως
674 689 816 766 σίκοδσμη·
870 703 924 743 mos
935 693 962 744 ei
972 680 1029 743 ίεειθ
1041 706 1056 743 a
1067 706 1124 758 rege
1133 694 1259 744 exstruote
1266 692 1360 743 habent
1370 690 1412 743 :ln
1424 690 1644 756 thmoemnuml

46 772 132 846 θίντα,
144 774 173 831 ἀν
188 762 228 841 σίς
241 771 373 849 οἰκονόμοι
387 772 451 834 εἰσίν
465 773 613 834 ἀπότακτόν
626 799 652 834 τι
664 774 816 852 λαμόάνσν·
870 784 940 843 sunt,
949 781 993 846 qul
1004 784 1098 833 certam
1113 780 1238 846 qnandam
1251 779 1392 833 mercedem
1405 779 1437 831 ed
1448 778 1644 832 convenientium

48 885 86 928 τις
107 860 182 943 παρά
198 866 250 920 ’τοῦ
266 861 394 939 βασιλέως
415 863 450 928 εἰς
471 863 569 942 τροφὴν
587 867 637 922 τῶν
662 863 813 926 συνιόντων.
869 869 1011 921 alimentum
1025 884 1040 921 a
1056 880 1114 934 rege
1127 869 1256 937 scmpiunt
1289 869 1376 921 vietus
1391 882 1478 920 eurum
1491 881 1606 932 exorym
1618 873 1645 919 et

48 949 77 1010 ‘li
101 948 128 1009 dl
152 949 310 1030 παρασκευὴ
337 949 438 1027 γίνεται
464 950 557 1032 όρύζης
583 950 629 1011 καὶ
657 951 742 1035 ἀρτων
771 951 816 1013 καὶ
868 971 931 1024 pane
942 959 969 1010 et
978 958 1058 1023 pomis
1069 962 1095 1010 et
1110 959 1217 1010 oleribus
1226 958 1365 1024 appetetur.
1397 959 1530 1008 Nemeum
1541 957 1643 1023 ingressi

48 1036 145 1118 διεύρας
170 1038 218 1097 καὶ
242 1037 378 1118 λαχάνων.
423 1038 477 1097 Καί
505 1038 672 1098 εἰσελθόντων
704 1044 740 1108 εἰς
770 1040 814 1101 τόν
868 1049 894 1098 ln
907 1047 1007 1098 domum
1020 1046 1171 1109 inerint‚ad
1182 1046 1338 1099 tintmnabuli
1349 1047 1445 1112 signum
1454 1045 1575 1097 §amanei
1587 1059 1641 1111 pre·

47 1117 109 1186 οἷκον
123 1126 175 1185 ted
189 1126 345 1205 σημαίνοντι
361 1127 465 1186 κώδωνι
477 1129 502 1186 oi
517 1127 554 1204 μὴ
570 1130 723 1206 Σαμαναῖοι
739 1127 812 1199 ίξία-
868 1135 1074 1200 sesecundum
1091 1135 1159 1200 quod
1178 1135 1222 1186 ubi
1245 1136 1372 1195 leserunt,
1391 1135 1460 1199 sigito
1478 1134 1571 1187 iterum
1586 1134 1643 1186 dato

48 1217 146 1289 σιν,οί
180 1215 209 1277 δὲ
239 1213 442 1296 προσεύχονται.
486 1215 646 1294 Εὐξαμίνων
676 1217 705 1276 tl
734 1217 814 1276 πάλιν
868 1224 975 1276 ministri
987 1225 1169 1291 singullslanoe
1183 1224 1282 1286 obluta,
1298 1222 1426 1277 duoenim
1441 1238 1472 1274 ex
1487 1222 1644 1275 eodemvan

46 1303 316 1373 διακωδωνίζεικαίυί
328 1303 459 1383 θπηράται
473 1303 577 1384 ίκάστιρ
591 1304 712 1384 τρυόλίον
728 1306 815 1373 δόντες
868 1327 917 1365 uon
939 1313 1259 1378 censonuncupanda
1276 1316 1388 1377 peneum.
1421 1312 1521 1379 Siquis
1540 1313 1642 1364 verieta-

46 1391 101 1471 ίάύο
112 1392 166 1472 γάρ
179 1393 313 1453 invadet
326 1393 372 1451 σιἰκ
381 1392 657 1474 ίσθίουσι)τρε’ρουσιν
671 1394 706 1476 (r)
723 1394 816 1461 αὐτοὺς
869 1407 921 1454 tem
934 1402 1042 1467 adquam
1054 1404 1175 1467 requirat,
1190 1402 1245 1453 olus
1258 1404 1302 1454 aui
1312 1414 1443 1467 pomorum
1459 1401 1586 1466 quidpiam
1594 1415 1641 1467 ap·

45 1480 184 1561 τῇδρύζη·
205 1484 244 1559 τῷ
260 1481 288 1538 δὲ
307 1480 425 1561 δεομένῳ
446 1480 578 1548 ποικιλίας
593 1482 762 1561 προστίθεται
784 1482 816 1543 τό
868 1492 970 1556 ρυειῖίυι·
991 1492 1103 1556 :quihus
1120 1505 1180 1544 sene
1200 1491 1313 1543 celeriter
1328 1493 1472 1541 vescuntur.
1505 1493 1561 1549 Quo
1579 1490 1644 1540 lacto

45 1569 154 1648 λάχανον
175 1567 194 1641 ἢ
212 1572 260 1640 τῆς
274 1567 380 1647 ὀπώρας
396 1591 431 1630 τι.
475 1568 625 1651 Τραρίντες
640 1572 668 1630 δὲ
681 1571 816 1648 συντόμως
869 1584 959 1632 σκευαί
970 1580 1003 1631 ad
1015 1580 1101 1632 eadem
1111 1579 1425 1632 smdiasesemnrersuri.
1456 1581 1643 1630 omnesautem

48 1657 87 1716 ἐπὶ
96 1655 144 1723 τάς
166 1655 248 1723 oded:
270 1655 408 1735 διατριύάς
424 1655 532 1726 ἐξίασιν.
574 1657 704 1735 Ἀγύναιοι
724 1656 746 1719 δ
765 1659 815 1719 εἶσὶ
869 1670 968 1722 celibes
983 1672 1042 1721 sunt
1053 1682 1133 1733 neque
1147 1669 1211 1720 ullas
1225 1668 1393 1734 possessiones
1409 1667 1516 1727 hahent3
1528 1680 1558 1718 ec
1575 1671 1643 1718 tanta

48 1746 136 1812 πάντες
153 1745 199 1804 καὶ
220 1745 367 1821 ἀκτήμονες
379 1743 425 1803 καί
438 1751 562 1806 τοσοῦτον
575 1748 659 1805 αὐτῶν
668 1770 697 1806 τε
708 1748 754 1807 καὶ
763 1751 815 1807 τῶν
868 1760 895 1811 et
906 1757 953 1824 ipsi
966 1761 993 1810 et
1004 1758 1168 1809 Bmchmunes
1177 1758 1204 1807 in
1212 1756 1368 1808 veneratione
1380 1756 1446 1821 apud
1455 1756 1517 1808 alios
1531 1758 1589 1807 sunt
1597 1793 1605 1817 ,
1614 1761 1643 1806 ut

50 1834 211 1914 Βραγμάνων
233 1831 313 1899 σε’όας
336 1831 441 1914 iponem
456 1837 480 1892 oi
501 1833 595 1910 ἄλλοι,
616 1835 685 1896 ὥστε
705 1835 750 1895 καὶ
770 1835 814 1895 τόν
871 1860 916 1897 rex
929 1858 1028 1910 quoque
1041 1845 1163 1896 interdum
1177 1844 1210 1896 ed
1225 1857 1268 1896 eos
1285 1843 1399 1906 accedet,
1416 1847 1534 1908 rogetque
1553 1846 1583 1894 ut
1598 1857 1643 1907 pro

49 1922 155 1998 βασιλία
170 1925 337 2004 ἀφικνεῖσθαι
348 1924 411 2002 παρ’
430 1922 522 1989 αὐτοὺς
539 1922 585 1982 καί
599 1923 723 1984 ἱκετεύειν
737 1923 814 1993 edio·
869 1935 936 1984 statu
950 1933 1057 1999 repioms
1076 1932 1150 1984 deum
1169 1935 1306 1997 precentur,
1321 1935 1365 1983 eut
1377 1931 1439 1995 quid
1451 1929 1572 1994 agendum
1591 1931 1641 1992 sit,

47 2009 101 2071 αθαί
113 2035 141 2070 τι
153 2010 200 2070 καί
213 2012 338 2082 δεηθῆναι
350 2010 416 2090 ύπίρ
426 2012 478 2069 τῶν
492 2010 753 2090 καταλαμόανόντων
765 2012 812 2085 τὴν
868 2023 1008 2074 consulant.

46 2097 128 2179 χάραν
141 2098 161 2170 ἢ
172 2097 367 2175 metocides·
377 2100 409 2159 τὸ
421 2099 563 2174 πρακτέον.
900 2111 915 2175 §
932 2115 970 2161 18.
987 2111 1037 2175 lpsi
1046 2114 1129 2162 autem
1139 2111 1175 2161 ita
1187 2123 1246 2173 erga
1256 2112 1364 2160 mortem
1381 2107 1466 2159 aiiecti
1479 2109 1642 2168 sunt,utr1·

78 2189 140 2264 §re
164 2187 247 2249 Αὐτοὶ
259 2186 287 2246 δὲ
302 2186 384 2254 ούτως
395 2187 460 2266 πρὸς
474 2187 584 2248 θάνατον
606 2188 766 2267 διάκεινται,
780 2217 815 2259 ως
866 2198 941 2249 ‘vendi
957 2202 1057 2264 tempus
1075 2199 1149 2263 quasi
1163 2196 1330 2250 necessarium
1348 2194 1472 2260 quoddam
1485 2197 1581 2246 nature
1595 2194 1641 2245 mi-

47 2276 85 2335 τόν
101 2275 149 2350 μὲν
163 2280 209 2334 τοῦ
222 2278 269 2345 ζῆν
281 2274 374 2354 χρόνον
387 2272 477 2355 ὥσπερ
489 2276 637 2355 ἀναγκαίαν
648 2278 705 2337 med
719 2283 752 2359 τῇ
767 2279 814 2360 ρύι
868 2284 998 2336 misterium
1012 2284 1083 2336 inviti
1099 2284 1252 2345 sustineant,
1265 2288 1339 2349 atque
1351 2284 1408 2335 ideo
1424 2283 1517 2334 animes
1529 2296 1544 2333 a
1555 2296 1641 2347 mrpo-

7 2412 8 2415 ,
46 2387 81 2423 σει
92 2363 259 2444 λειτουργίαν
278 2363 407 2432 ἀκουσίως
421 2363 576 2443 ὑπομένειν,
588 2367 709 2427 σπεύδειν
724 2368 753 2427 dl
767 2374 814 2435 τθις
868 2374 937 2425 ribus
949 2373 1064 2425 festinent
1077 2373 1214 2425 absolvere.
1248 2379 1283 2425 dc
1296 2373 1416 2437 sepeuhi
1433 2373 1495 2423 bene
1510 2385 1538 2424 se
1550 2371 1641 2423 hebere

46 2454 127 2535 dapis
156 2455 291 2514 ἀπολῦσαι
314 2455 367 2512 τῶν
395 2454 537 2530 σωμάτων.
582 2454 636 2515 liet
670 2457 813 2533 πολλάκις,
867 2464 1051 2527 conspexerint,
1070 2464 1137 2513 nullo
1158 2463 1223 2512 malo
1242 2466 1345 2527 urgente
1359 2476 1373 2512 e
1389 2462 1442 2512 vite
1461 2459 1599 2522 decedunt,
1614 2473 1641 2510 re

7 2536 9 2575 ί
48 2540 104 2601 όταν
119 2534 149 2602 τύ
161 2541 232 2622 ίχειν
249 2542 398 2622 σκίψωνται
410 2585 419 2615 ,
432 2541 545 2618 μηδενὸς
563 2542 656 2611 αὐτούς
668 2544 815 2623 ίπείγοντος
867 2554 951 2603 nmen
965 2552 1020 2603 aliis
1040 2551 1219 2617 praenuntiata,
1239 2551 1370 2614 nullusque
1389 2550 1422 2600 sit
1440 2550 1483 2613 qui
1498 2549 1640 2615 puniceae,
1690 2592 1696 2603 .

47 2637 123 2689 κακοῦ
136 2629 206 2708 μηδθ
219 2630 398 2700 ἐξελαύνοντος
416 2629 499 2700 ἐξίασι
512 2638 558 2692 τοῦ
580 2632 653 2711 βίου,
672 2632 815 2714 προειπόν·
867 2639 912 2691 sed
925 2654 1010 2691 omnes
1021 2653 1065 2691 ecs
1075 2639 1160 2691 matos
1171 2639 1332 2704 predicantes
1342 2640 1395 2690 suis
1409 2639 1512 2703 quisque
1521 2638 1639 2689 domesti-

48 2741 84 2785 τις
99 2718 189 2797 μέντοι
201 2726 258 2786 τοῖς
272 2720 373 2785 ἀλλοις·
391 2718 438 2778 καί
452 2717 522 2780 ἔστιν
536 2720 621 2788 οὐδεὶς
642 2725 656 2779 ό
671 2721 814 2795 κωλύσων,
867 2729 904 2780 cis
920 2730 1047 2780 morituris
1058 2729 1173 2780 mundata
1182 2729 1300 2794 quedam
1316 2728 1415 2780 uadem
1431 2750 1437 2779 :
1454 2728 1517 2780 adeo
1528 2728 1641 2779 stabilem

48 2806 111 2865 ἀλλά
134 2808 233 2875 πάντες
256 2805 349 2874 αὐτούς
371 2807 595 2887 εὐδαιμονίζοντες
610 2809 675 2893 πρὸς
695 2810 755 2878 τοὺς
777 2813 814 2869 oi·
869 2832 898 2870 ac
911 2832 995 2871 rerem
1004 2818 1087 2883 stipsi
1096 2823 1121 2870 et
1130 2818 1241 2882 plerique
1257 2816 1385 2870 enlmubus
1399 2817 1463 2868 inter
1476 2820 1572 2882 sepost
1588 2818 1640 2869 obi·

46 2895 124 2963 κοίους
145 2898 197 2955 τῶν
221 2895 383 2967 τεθνηκότων
401 2897 596 2968 ίπισκήπτουσί
609 2922 678 2961 τινα.
722 2898 814 2967 Ούτως
867 2914 922 2961 tum
931 2907 1244 2959 vitamessecrediderunt.
1277 2905 1462 2957 liliautemubi
1474 2907 1588 2957 mandata
1596 2905 1641 2957 sibi

48 2984 151 3061 βεόαίαν
166 2983 212 3043 καί
226 2985 407 3057 ἀληθεστάτην
421 2984 495 3045 edroi
506 3009 535 3044 τε
549 2985 595 3046 καὶ
611 2989 634 3048 σί
651 2988 744 3048 πολλοί
756 2996 814 3057 ταῖς
868 2998 999 3050 commissa
1021 2999 1198 3063 pereepemnt‚
1218 3009 1321 3061 corpore
1339 2995 1459 3060 inignem
1473 2995 1597 3057 conjecto,
1614 2998 1642 3045 ut

47 3078 136 3157 θεαροῖς
154 3074 203 3146 τὴν
218 3077 277 3150 μετ’
294 3073 416 3145 ἀλλήλων
431 3062 499 3133 εἶναι
513 3074 616 3135 δίαιταν
631 3076 812 3137 πεπιστεύκα-
868 3084 1054 3150 purissimema
1076 3097 1177 3148 corpore
1192 3084 1299 3133 mimam
1317 3085 1459 3144 seeemnnt,
1476 3082 1508 3132 ol)
1528 3081 1642 3133 omnibus

47 3184 93 3224 ειν.
131 3165 168 3226 Οἱ
188 3162 212 3222 δ’
227 3161 333 3223 emitto
354 3162 526 3222 ὑπακούσωσι
546 3167 599 3223 τῶν
619 3166 813 3243 ἐντεταλμένων
866 3173 984 3226 celebrati
1007 3176 1115 3225 mortem
1131 3172 1232 3224 obeunt.
1264 3171 1374 3236 AEquiori
1396 3172 1461 3222 enim
1482 3171 1564 3221 eninm
1586 3170 1674 3221 illos·

46 3251 136 3325 αὐτοῖς,
149 3252 213 3334 πυρί
226 3252 257 3311 τὸ
271 3252 349 3329 σῶμα
365 3252 542 3330 παραδόντες,
559 3251 630 3320 ὅπως
645 3254 677 3327 δὴ
690 3260 811 3335 καθαρω·
867 3264 940 3317 amici
954 3277 984 3315 ac
995 3263 1126 3330 pmpinqui
1136 3262 1283 3314 admonium
1297 3261 1439 3323 dimittunt,
1456 3275 1531 3327 quem
1544 3259 1640 3312 aliiho·

47 3338 119 3412 τάτην
133 3337 296 3420 ἀποκρίνωσι
307 3344 354 3397 τοῖῖ
369 3335 492 3417 σύιματος
502 3339 551 3413 τὴν
560 3343 665 3422 ψυχὴν,
683 3345 813 3421 θμνοόμε-
867 3353 947 3405 mines
962 3364 1021 3405 snos
1040 3352 1147 3416 quisque
1164 3352 1232 3402 cives
1243 3350 1268 3400 in
1281 3364 1330 3400 non
1346 3349 1481 3401 admodum
1497 3350 1642 3413 longinquas

46 3451 81 3487 νοι
95 3431 247 3489 τελωτῶσι·
270 3432 333 3510 ῥᾷον
349 3427 402 3507 γάρ
416 3428 528 3497 ἐκείνους
545 3432 581 3498 είς
600 3431 645 3490 τὸν
661 3431 771 3492 θάνατον
787 3438 812 3494 οἱ
866 3442 1089 3508 peregrinationes:
1106 3455 1136 3491 ac
1150 3441 1256 3504 seipsos
1269 3440 1313 3503 qui
1328 3439 1355 3489 iu
1373 3439 1423 3489 vita
1437 3439 1584 3504 superstites
1601 3452 1641 3488 re-

47 3517 158 3595 ρίλτατοι
172 3515 376 3595 ἀποπίμπουσιν
390 3515 409 3588 ἢ
421 3519 473 3575 τῶν
488 3517 575 3578 ἀλλων
590 3519 733 3599 ἀνθρώπων
747 3520 810 3582 ino-
867 3532 1016 3593 manserint,
1028 3531 1170 3596 deplorant,
1188 3528 1244 3580 illos
1262 3528 1351 3587 beant,
1369 3528 1459 3592 quippe
1477 3526 1641 3578 immortalem

47 3628 100 3664 οτοι
109 3605 165 3673 εοθς
176 3605 288 3672 πολίτας
302 3608 338 3674 εἷς
352 3604 391 3683 μὴ
406 3604 536 3682 μηκίστας
548 3608 709 3686 ἀποδημίας.
756 3612 812 3672 Καί
866 3623 959 3672 sortem
970 3620 1023 3685 jam
1034 3618 1179 3684 receperint.
1212 3619 1296 3681 Neque
1306 3617 1428 3681 quispiam
1441 3618 1485 3666 eut
1500 3614 1565 3679 apud
1578 3614 1640 3673 hos,

48 3702 109 3775 σράς
120 3693 167 3772 μίν
178 3693 274 3761 αὖτοὺς
288 3694 442 3774 δακρύουσιν
451 3696 478 3754 ἀν
485 3698 523 3775 τῷ
530 3698 576 3767 ζῆν
585 3697 754 3773 διαμίνοντας
767 3700 812 3781 (ε),
865 3713 910 3761 eut
924 3710 990 3775 apud
1006 3709 1067 3760 elios
1080 3722 1144 3773 quos
1155 3706 1267 3772 superius
1278 3705 1482 3765 commemoravi,
1493 3704 1604 3768 sophista
1612 3716 1642 3754 ec

47 3782 151 3853 ἐκείνους
164 3782 191 3843 dl
205 3782 381 3862 μακαρίζουσι
392 3780 440 3854 τὴν
456 3783 586 3844 ἀθάνατον
598 3785 673 3858 λῆξιν
688 3788 811 3864 ἀπολαμ-
866 3799 1018 3850 declamator
1034 3797 1183 3863 procedens,
1198 3796 1284 3860 quales
1298 3794 1369 3846 multi
1381 3793 1447 3858 apud
1460 3796 1562 3843 Grecos
1575 3806 1641 3843 nune

48 3868 182 3947 ύάνοντας,
202 3871 250 3932 καί
272 3870 354 3939 οὐδεὶς
371 3869 431 3931 οὔτε
452 3871 526 3952 παρά
543 3871 645 3942 τούτοις
665 3872 725 3934 odae
738 3876 811 3956 παρὰ
867 3890 939 3949 sunt,
957 3887 1069 3939 dubitare
1084 3886 1154 3937 visus
1163 3887 1217 3947 est,
1230 3899 1258 3934 ac
1269 3885 1368 3946 dicere,
1379 3884 1401 3935 si
1413 3897 1462 3933 non
1478 3897 1563 3934 omnes
1580 3882 1639 3934 imi«

49 3966 99 4026 τοῖς
111 3960 194 4029 ἄλλοις
212 3964 271 4044 τοῖς,
288 3959 432 4039 ιίρημίνοις
452 3959 577 4042 σοφιστὴς
596 3961 747 4042 προελθὼν,
762 3956 812 4025 οἷσι
865 3975 993 4035 tenuntur,
1007 3974 1067 4038 quid
1077 3972 1265 4024 uobiseveniet?
1276 3974 1463 4036 neqoepropter
1473 3970 1641 4022 boshumauae

49 4049 129 4127 βροτοί
152 4055 195 4109 νῦν
227 4049 293 4128 παρ’
313 4047 461 4122 Ἕλλησιν,
486 4052 594 4129 ἀπορεῖν
620 4051 691 4122 ἔδοξε
715 4052 810 4131 λέγων·
866 4065 1102 4117 resoouiusmsunt.
1135 4065 1197 4112 Nam
1212 4061 1444 4124 nequecmneshos
1456 4063 1515 4110 sunt
1527 4060 1640 4111 imitati:

50 4135 109 4195 Ἐὰν
128 4140 194 4215 itti<
208 4137 305 4204 noim<
323 4139 510 4218 μιμήσοιντοιι,
524 4138 551 4199 τί
564 4142 628 4215 ἡμῖν
643 4140 735 4216 iocum
753 4141 812 4202 οὔτε
865 4160 892 4209 et
912 4155 956 4219 qui
974 4153 1065 4205 imitati
1084 4157 1157 4215 sunt,
1171 4149 1264 4201 ordinis
1283 4150 1367 4214 potius
1387 4152 1413 4201 et
1435 4150 1637 4214 tranquillitatis,

49 4222 89 4281 ed
102 4225 202 4293 τούτους
215 4223 390 4314 συνεχύθητᾶ
402 4228 454 4284 τῶν
471 4226 627 4308 ἅθθρώπθιι
670 4226 743 4289 Οὔτε
759 4229 811 4311 γὰρ
865 4260 940 4308 cuam
953 4242 1104 4296 confusionis
1117 4240 1331 4306 populisincausu
1341 4239 1499 4289 erudierunt.
1532 4240 1638 4291 atenim

48 4313 202 4390 ίμιμίοονιο
213 4313 326 4387 πάντες,
342 4311 368 4373 οί
381 4336 410 4373 τι
425 4314 583 4392 μιμούμενοι
603 4316 727 4395 ιθνομίοι
742 4323 811 4397 pet·
865 4350 944 4401 neque
963 4336 1003 4387 lex
1018 4335 1058 4385 uis
1078 4332 1249 4384 ncoessiutem
1267 4331 1342 4381 ultam
1364 4328 1499 4390 attenuet,
1516 4326 1561 4378 seu
1582 4341 1639 4378 cum

48 4401 106 4480 λον,
118 4404 146 4463 ού
160 4398 314 4483 συγχύσεως
326 4409 379 4469 τοῖς
393 4402 477 4463 ἔθνεσι
490 4405 628 4482 γενόνασιν
640 4405 731 4467 αἴτιοι.
755 4407 810 4468 Καὶ
865 4425 920 4477 alfia
931 4422 1098 4490 ρεηῃίεεοεεε,
1116 4423 1145 4472 ut
1158 4419 1271 4471 menibus
1283 4420 1448 4479 vescerentur,
1463 4417 1509 4467 hos
1522 4417 1561 4467 sui
1576 4416 1640 4479 juris

51 4486 100 4563 μὴν
110 4492 164 4551 otti
181 4489 408 4568 όνόμος.τούτους
422 4491 592 4571 ἠνάγκασεν,
612 4493 680 4554 ἀλλά
693 4502 747 4563 τοῖς
762 4495 810 4555 άλ-
865 4517 894 4566 ης
904 4515 1004 4574 essent,
1018 4511 1131 4575 reliquit,
1141 4513 1167 4560 et
1180 4509 1251 4573 quasi
1265 4522 1292 4559 se
1308 4508 1448 4572 superiores
1459 4509 1576 4557 venerata
1589 4510 1638 4556 est.

48 4577 97 4645 λαις
116 4579 256 4661 ἐπιτρίψας
274 4584 402 4640 σιτεῖσθαι
421 4577 516 4661 κρίασι
533 4582 639 4650 τούτους
654 4586 812 4662 αὐτονόμους
836 4600 841 4665 Ι
865 4605 951 4665 Neque
968 4603 1034 4652 enim
1052 4601 1100 4650 hos
1111 4599 1184 4663 quasi
1195 4598 1323 4660 injustitiae
1343 4598 1538 4661 perpetratores.
1559 4606 1639 4659 μεθείω

50 4662 115 4728 elom
125 4667 170 4728 καί
180 4665 277 4751 ἀσίρθη
289 4670 324 4735 ὥς
336 4671 416 4728 αθτοῖῖ
427 4668 592 4750 κρείττονας,
604 4675 634 4731 ού
646 4671 700 4745 μὴν
711 4675 811 4740 inedie-
836 4685 841 4746 Ι
865 4705 941 4748 quam
954 4690 1047 4755 irrogat
1057 4725 1063 4749 ,
1074 4686 1192 4752 subjecit,
1208 4686 1253 4737 sed
1268 4680 1336 4736 alios.
1369 4684 1406 4734 dd
1424 4698 1467 4734 eos
1486 4686 1583 4742 nmen,
1596 4684 1640 4747 qui

50 4751 100 4821 ὡς
111 4756 289 4837 malim<
301 4754 423 4836 ‘'llll‘i‘
436 4761 471 4838 ‘l
486 4759 551 4836 παρ’
565 4762 644 4819 “⁶²05
656 4759 733 4840 δίκῃε
743 4764 812 4821 ἀλλὰ
865 4778 925 4844 quud
938 4783 1087 4829 euenturum
1098 4777 1147 4837 sit,
1165 4775 1308 4839 requirunt,
1322 4774 1344 4823 si
1362 4786 1449 4824 omnes
1467 4772 1639 4836 hujuscemodi

51 4842 104 4909 τὼ(
114 4844 223 4927 hiim·
266 4845 341 4925 Πθὸθ
358 4845 449 4921 dimi
460 4844 520 4915 wil<
534 4849 687 4929 ἷρωῑῶθτθί
700 4848 726 4910 τί
737 4848 812 4910 {otti
864 4868 943 4920 vitam
954 4866 1232 4925 hominumrimitentun
1251 4863 1312 4914 illud
1324 4862 1469 4926 Pythagoreo
1486 4861 1637 4925 responden·

53 4933 234 5011 νιναοομίνον
251 4934 359 4994 πάντων
375 4933 434 5001 τοὺς
451 4937 597 5007 τοιούτους,
612 4937 702 5018 ,θυτέον
718 4937 749 4997 ιθ
765 4944 811 4998 τοῦ
866 4956 927 5007 aum
942 4958 996 5007 eo:
1029 4953 1054 5004 si
1067 4954 1133 5005 mim
1145 4964 1230 5004 omnes
1242 4954 1324 5002 essent
1341 4963 1426 5014 reges,
1438 4948 1587 5011 erueretur,
1599 4950 1637 5000 in-

54 5019 213 5101 Πυθαγόρου·
233 5022 280 5081 καί
304 5021 355 5103 γὰρ
385 5024 515 5101 βασιλέων
537 5025 644 5085 πάντων
665 5027 810 5105 γενομένων
866 5046 933 5112 quit,
953 5047 984 5095 ut
999 5042 1132 5094 ditdcuitor
1152 5043 1204 5093 vita
1223 5037 1322 5090 traduci
1339 5041 1435 5102 posset,
1456 5051 1536 5101 neque
1556 5041 1638 5090 tumen

53 5105 244 5178 Μίίξῑκῖθίὸ
258 5109 329 5191 βίοιο
350 5111 533 5191 witelmi
551 5112 638 5174 Χαῖῠῦ
653 5115 811 5197 limitam-
866 5137 994 5200 propterea
1007 5130 1151 5196 fugiendum
1163 5142 1265 5194 regnum
1278 5133 1326 5179 est.
1358 5126 1638 5190 siequoquesiomnes

52 5193 120 5255 ⁸³4⁰*
134 5194 221 5270 τὸτῆς
236 5197 385 5277 βασιλείας·
402 5200 447 5258 καὶ
462 5200 610 5261 σπουδαίων
627 5202 750 5263 ἁπάντων
764 5209 810 5264 οὐκ
864 5222 935 5291 probi
944 5219 1157 5284 numennumen
1166 5217 1264 5282 qudem
1274 5212 1432 5279 expedienda
1442 5213 1637 5279 οοαῑοροοεεανε

81 5321 115 5387 (ι)
125 5327 247 5388 eme.
261 5353 291 5363 -
303 5328 337 5391 c)
349 5329 516 5392 περιιόντος.
