3906 6034
296 502 315 561 8
976 508 1209 572 Auisronlsut

297 632 382 709 μόνιοι
395 632 440 693 οθκ
452 632 592 714 ἐπέτρεπον
605 635 699 706 αθτοῖς,
711 634 840 717 πρόρασιν
856 635 903 714 μίν
913 637 1064 716 ποιούμενοι

296 720 455 802 ὁρμητήριον
472 711 538 781 εἶναι
553 721 600 787 τὰς
614 722 728 794 Ἀθήνας
740 728 793 783 τῶν
808 725 982 784 ἐπιπλεόντων
998 730 1015 806 β
1035 751 1064 808 ρ·

298 808 398 886 δαέρων,
413 809 444 867 τδ
466 811 494 869 δὲ
508 808 601 881 iistis
622 815 771 889 φθονοῦντες
790 813 836 872 καί
854 813 893 889 μὴ
911 815 1063 893 βουλόμενοι

297 894 375 951 πόλιν
391 894 544 966 αὐξηθῆναι.
559 898 593 958 Ὁ
607 895 636 955 δὲ
649 898 836 975 Θεμιστοκλῆς
862 901 964 960 συνέσει
977 902 1065 982 διαφέ-

297 1004 347 1060 ρων
359 983 604 1062 κατεστρατήγησεν
615 986 700 1044 αὐτῶν
710 985 754 1044 τθν
766 986 865 1067 φθόνον.
878 986 912 1067 (2)
923 987 1061 1065 Ἐγκελευ-

295 1070 408 1145 σσίμενος
419 1068 470 1148 γδρ
481 1080 534 1137 τοῖς
543 1070 691 1142 ’λθηναίοις
703 1072 823 1152 τειχίζειν
833 1070 879 1145 τὴν
891 1073 967 1134 πόλιν
979 1074 1064 1155 ᾤχετο

296 1158 331 1224 τίς
344 1156 541 1234 Λακεδαίμονα,
557 1163 592 1225 ὡς
612 1158 775 1240 πρεσόείων·
787 1160 871 1239 λόγων
887 1185 915 1220 τε
938 1164 1065 1242 γιγνομέ-

298 1268 349 1305 νων
371 1244 444 1325 παρὰ
458 1257 512 1313 τοῖς
531 1247 750 1325 Λακεδαιμονίοις
768 1248 808 1308 ὅτι
825 1249 957 1321 Ἀθηναῖοι
974 1250 1063 1329 τειχί-

298 1337 368 1401 ζουσι
385 1330 433 1404 τῆν
447 1334 539 1412 πόλιν,
556 1334 692 1413 ἀντέλεγεν
706 1338 904 1412 Θεμιστοκλῆς·
920 1334 955 1403 ὥς
967 1360 996 1395 τε
1017 1339 1064 1397 οὐκ

297 1420 432 1481 ἐπίστευον
447 1424 472 1480 οἱ
483 1423 697 1500 Λακεδαιμόνιοι,
717 1423 819 1483 έπεισεν
836 1423 928 1490 αὐτοὺς
942 1424 1064 1504 πρίσόεις

295 1509 398 1588 πέμψαι
418 1532 490 1576 τινας
504 1510 530 1578 ἐξ
554 1513 638 1569 αὐτῶν
653 1513 687 1577 είς
701 1508 748 1577 τδς
762 1510 876 1583 Ἀθήνας
893 1511 952 1578 τοὺς
966 1535 1063 1590 γνωσο·

296 1594 387 1668 μένους
408 1597 431 1654 εί
452 1598 566 1666 κτίζοιτο
588 1602 605 1669 ἡ
626 1597 710 1665 πόλις.
724 1600 786 1658 Τῶν
805 1598 833 1657 di
848 1598 1064 1673 Λακεδαιμονίων

296 1681 425 1759 ἑλομένων
437 1684 531 1764 ἄνδρας
543 1684 588 1744 καί
601 1686 774 1766 πεμψάντων,
784 1686 968 1764 Θεμιστοκλῆς
977 1688 1063 1767 κρόρα

296 1770 436 1847 ὑπέπεμπε
452 1780 505 1840 τοῖς
519 1771 805 1852 Ἀθηναίοις’κατέχειν
817 1773 879 1855 παρ’
894 1776 994 1840 ἑαυτοῖς
1004 1777 1064 1840 τοὺς

295 1858 509 1933 ἀπεσταλμένους
522 1861 576 1916 τῶν
600 1859 815 1935 Λακεδαιμονίων
832 1860 937 1938 ἄνδρας,
960 1859 1009 1926 ἕως
1031 1858 1063 1917 δν

295 1941 373 2009 αὐτὸς
388 1945 539 2025 ὑποστρέψῃ
556 1948 592 2013 είς
605 1947 652 2013 τὰς
669 1946 794 2020 Ἀθήνας.
815 1948 849 2029 (a)
865 1946 1023 2028 Πραξοίντων
1035 1947 1062 2007 δὲ

294 2034 371 2087 τοῦτο
389 2033 441 2089 τῶν
456 2030 616 2107 Ἀθηναίων,
633 2037 656 2094 ol
682 2036 887 2112 Λακεδαιμόνιοι
912 2033 1063 2106 αἰσθόμενοι

293 2118 340 2189 τῆν
357 2119 460 2192 σίπέτην
472 2122 693 2199 Θεμιστοκλέους,
706 2123 778 2182 οὐδὲν
790 2122 906 2182 διέθεσαν
921 2121 999 2180 αὐτὸν
1009 2122 1061 2180 δει-

293 2205 347 2281 νὸν,
361 2206 502 2275 δεδοικότες
515 2208 576 2287 περὶ
589 2212 641 2268 τῶν
656 2209 737 2287 ίδίων,
754 2212 813 2269 ἀλλ’
823 2209 962 2275 ἀποδόντες
984 2207 1061 2267 αθτδν

293 2293 449 2369 ἐκομίσαντο
466 2295 526 2363 τοὺς
537 2296 626 2363 ίδίους.
642 2296 673 2375 (A)
692 2297 739 2357 Ἐν
753 2297 780 2357 δὲ
797 2301 835 2377 τῷ
858 2295 955 2375 μεταξὺ
973 2298 1060 2378 χρόνῳ

296 2383 478 2461 ἐτειχίσθησαν
495 2387 523 2441 αἱ
547 2383 658 2457 Ἀθῆναι
672 2385 716 2447 τθν
735 2386 830 2464 τρόπον
845 2392 947 2446 τοῦτον.
961 2385 996 2445 Ὁ
1011 2389 1059 2463 μὲν

292 2478 337 2530 τοῦ
351 2472 443 2539 ἄστεος
455 2471 591 2550 περίόολος
602 2472 727 2545 ἑξήκοντα
741 2474 853 2533 σταδίων
867 2473 1011 2553 ἐτειχίσθη,
1026 2473 1060 2531 τὰ

1118 643 1185 706 quod
1199 643 1294 694 munita
1309 644 1458 696 Athenarum
1467 646 1526 698 nrhs
1537 646 1648 700 barbaris
1664 650 1742 702 denno
1751 652 1821 703 classe
1830 655 1858 704 ad

1120 755 1197 805 rectis
1207 769 1251 805 arx
1263 756 1322 807 belli
1335 757 1418 809 lutura
1431 764 1505 823 esset,
1519 774 1605 826 reapse
1616 766 1698 815 auum
1715 765 1778 827 quud
1787 766 1869 819 inride-

1119 864 1174 912 rent
1191 863 1388 927 Atheniensibus,
1403 879 1494 930 eosque
1511 868 1607 921 viribus
1624 884 1708 922 mrsus
1727 876 1807 935 augeri
1824 877 1870 925 nol·

1118 971 1180 1022 lent.
1192 975 1224 1022 At
1234 972 1351 1024 invidiam
1367 975 1471 1028 istorum
1488 977 1590 1052 insignis
1599 980 1766 1032 Themistoclis
1777 984 1872 1035 solleuia

1118 1080 1201 1131 elusit.
1215 1081 1250 1145 (2)
1275 1083 1371 1133 Etenim
1393 1085 1553 1138 Athenienses
1575 1088 1664 1139 urbem
1683 1092 1777 1143 munire
1795 1094 1868 1157 jussit,

1117 1189 1170 1254 ipse
1187 1194 1271 1242 antem
1292 1196 1409 1256 tanquam
1429 1194 1524 1257 legatus
1543 1197 1742 1250 lacedaemonem
1759 1202 1870 1264 protectus

1117 1297 1289 1359 est.thunm
1300 1296 1573 1361 apudbaeedaemonios
1582 1315 1706 1354 sermones
1715 1312 1872 1371 spargerentur
1895 1278 1901 1296 ί

1113 1399 1144 1448 «le
1157 1397 1344 1453 Atheniensibus
1356 1405 1400 1467 qni
1408 1419 1478 1456 muro
1490 1407 1575 1469 urbem
1589 1409 1725 1473 cingerent,
1734 1411 1869 1463 contradixit

1112 1496 1286 1555 Themistocles
1294 1512 1324 1549 ac
1331 1500 1405 1552 iidem
1413 1500 1591 1567 denegantibus
1602 1508 1689 1568 suasit,
1701 1512 1729 1558 ut
1736 1507 1815 1571 ipside
1823 1522 1871 1559 suo

1117 1625 1171 1661 rum
1181 1625 1282 1662 numero
1290 1612 1409 1676 quosdam
1418 1612 1525 1663 Athenas
1538 1614 1665 1665 mitterent
1675 1615 1717 1679 qni
1729 1615 1785 1679 qnid
1796 1615 1828 1666 rei
1836 1630 1871 1665 es·

1117 1717 1155 1764 set
1161 1714 1324 1778 explorarent.
1332 1714 1486 1765 mittentibus
1496 1729 1555 1765 rero
1564 1716 1754 1767 berednmoniis
1764 1716 1826 1766 viros
1833 1716 1870 1765 de·

1117 1817 1205 1879 lectos,
1232 1816 1382 1868 elandmtino
1404 1817 1490 1866 nuntio
1519 1818 1698 1869 Themistocles
1725 1819 1870 1894 Athenienses

1114 1921 1188 1986 jussit
1199 1920 1308 1972 detinere
1324 1920 1350 1971 in
1365 1920 1426 1971 urhe
1437 1921 1536 1985 legatos,
1548 1934 1629 1985 usque
1639 1923 1699 1974 dnm
1715 1923 1765 1987 ipse
1776 1921 1872 1977 Athenai

1116 2038 1231 2076 renuens
1241 2028 1315 2076 esset.
1336 2025 1365 2075 ld
1381 2039 1458 2088 quum
1470 2025 1578 2077 tacerent
1589 2027 1757 2087 Athenienses,
1772 2024 1872 2076 incede·

1116 2132 1191 2182 monii
1200 2132 1312 2183 trondem
1321 2131 1493 2183 Themistoclis
1509 2132 1653 2197 sentientes,
1667 2134 1733 2184 nullo
1748 2146 1803 2183 eum
1817 2131 1872 2181 malo

1115 2238 1259 2298 allecemnt,
1272 2240 1387 2307 queniam
1400 2238 1432 2289 de
1447 2239 1499 2290 suis
1510 2239 1663 2298 metuebant.
1676 2238 1721 2290 sed
1732 2237 1872 2289 demittentes

1114 2347 1170 2383 eum
1182 2347 1240 2384 snos
1249 2333 1358 2398 ipsorum
1365 2333 1431 2383 τίνει
1440 2336 1625 2396 recuperarunt.
1639 2333 1774 2397 (illnlerea
1783 2332 1872 2381 Athene

1114 2438 1216 2488 munitm
1224 2441 1283 2488 sunt
1293 2438 1359 2487 bunc
1369 2437 1394 2487 in
1404 2438 1511 2488 modum.
1521 2440 1607 2488 Murus
1617 2433 1871 2490 ornemanbiensodi-

1115 2542 1202 2592 innotus
1213 2543 1251 2592 est
1256 2541 1391 2591 stadiorum
1399 2541 1525 2604 sexaginta
1534 2560 1540 2603 3
1549 2542 1614 2592 muri
1626 2543 1691 2608 longi
1702 2541 1785 2592 urbem
1792 2540 1873 2589 lirano

293 2558 319 2615 δὲ
333 2560 422 2638 μακρὰ
436 2560 511 2639 τείχη
525 2560 636 2641 φέροντα
649 2561 692 2621 iol
702 2562 747 2622 τθν
763 2564 876 2644 Πειραιᾶ
892 2562 918 2629 ii
936 2563 1060 2639 ἑκατέρω

292 2646 386 2724 μέρους
396 2648 508 2706 σταδίων
522 2648 561 2722 μ’,
576 2654 590 2708 ὁ
605 2649 632 2707 δὲ
645 2654 691 2710 τοῦ
703 2653 837 2729 Πειραιῶς
845 2647 984 2727 περίόολος
994 2671 1058 2707 στα·
1111 2648 1241 2710 iunianis
1256 2646 1287 2697 ib
1306 2649 1412 2710 utraque
1428 2648 1497 2709 perte.
1510 2644 1650 2697 ⁸¹⁸ffi⁰ffl¹¹¹
1663 2644 1827 2711 quadraginta3
1839 2643 1874 2694 Pi·

293 2735 395 2792 3302271'
414 2735 480 2816 [ἔστι
496 2734 523 2794 δὲ
545 2737 708 2820 inrepente
723 2738 803 2815 θῑμλν
818 2740 852 2805 εἷς
864 2738 908 2798 δύο
930 2736 1060 2817 &upupi-
1115 2751 1173 2801 ranei
1190 2750 1308 2801 eireuihrs
1329 2749 1465 2800 stadiorum
1479 2749 1604 2814 eetogints
1626 2754 1688 2817 (est
1702 2765 1761 2801 uero
1775 2749 1869 2799 Piraeeus

320 2899 335 2964 §
351 2908 373 2951 2.
386 2904 413 2951 Εἰ
428 2903 546 2967 naitono]
559 2906 579 2954 et
590 2905 732 2967 serpiterna?
747 2907 811 2955 cum
823 2904 915 2955 codicis
934 2904 1054 2968 scriptura
1063 2900 1171 2951 conieme
1186 2899 1243 2950 lieet
1256 2899 1345 2950 lustin.
1361 2906 1384 2953 2.
1400 2905 1427 2949 ι5
1443 2916 1448 2949 :
1463 2897 1636 2952 Athenienses
1650 2898 1775 2951 νεθειιιιίσ
1785 2906 1873 2959 integro

290 2972 561 3029 eeroueremonootnr.

320 3041 372 3107 5⁴·
386 3046 435 3094 Τοῦ
447 3045 529 3101 ἄστεος
545 3044 652 3108 (ἄστεως
666 3045 759 3109 codex)
776 3063 827 3110 περ.
843 3045 861 3103 t'
876 3043 997 3108 σταδίων]
1010 3044 1079 3097 idem
1092 3042 1161 3092 urhis
1175 3039 1283 3090 ambitus
1298 3040 1403 3090 traditur
1420 3054 1434 3089 a
1450 3039 1581 3089 selreliasis
1596 3038 1750 3104 Thucydidis
1772 3051 1815 3089 nee
1832 3051 1874 3087 non

289 3125 320 3163 ex
339 3113 437 3163 Diodori
451 3115 505 3165 leco
518 3115 648 3180 colligitur,
663 3116 821 3179 Thucydides
833 3115 864 3165 de
876 3115 916 3165 his
929 3116 965 3164 ita
980 3114 1054 3164 habet
1064 3116 1104 3177 (2,
1119 3112 1162 3174 13)
1178 3131 1185 3161 2
1201 3115 1250 3161 Teo
1263 3128 1288 3161 τε
1299 3112 1343 3174 γὰρ
1352 3115 1487 3175 Φαληρικοί)
1495 3111 1587 3174 τείχους
1597 3113 1692 3162 στάδιοι
1701 3111 1758 3172 ἦσαν
1767 3111 1830 3158 πέντε
1838 3112 1873 3156 και

289 3185 411 3245 τριάκοντα
439 3185 580 3249 (τριάκοντα
599 3185 784 3248 Aristodemus)
804 3189 859 3249 πρὸς
883 3188 924 3235 τδν
947 3185 1032 3234 κύκλον
1046 3185 1196 3243 τσῡᾶστεος,
1214 3183 1254 3230 καὶ
1271 3182 1551 3232 mercennariorum
1574 3182 1748 3245 φυλασσόμενον
1761 3184 1817 3242 τρεῖς
1837 3179 1872 3227 καὶ

288 3255 472 3315 τεσσαράκοντα·
491 3255 540 3304 ἔστι
557 3257 582 3304 δὲ
595 3257 667 3306 αὐτοῦ
685 3256 698 3304 δ
712 3260 753 3305 καὶ
770 3256 900 3317 ἀφύλακτον
914 3256 955 3317 ἦν,
968 3255 1281 3315 supereminentesque
1294 3254 1385 3301 καὶτοῦ
1398 3253 1535 3311 ‹baianensi›
1547 3249 1596 3313 [ad
1607 3252 1663 3302 llaec
1675 3250 1747 3301 selsel.
1761 3250 1873 3298 ιτουτέστι

290 3323 380 3372 στάδιοι
395 3323 520 3373 δεκαεπτά·
535 3324 605 3386 ὁγὰρ
621 3325 673 3381 ὅλος
685 3328 769 3381 κύκλος
780 3327 882 3375 σταδίων
896 3326 925 3385 ῆν
939 3323 1073 3388 ticinense}
1084 3324 1114 3372 roi
1126 3325 1150 3372 δὲ
1163 3322 1241 3385 μακρὰ
1259 3322 1326 3384 τείχη
1338 3323 1394 3385 πρὸς
1407 3321 1447 3371 τδν
1466 3324 1567 3384 Πειραιᾶ
1583 3322 1760 3391 τεσσαράκοντα
1771 3318 1872 3375 σταδίοιν,

289 3391 322 3439 ὧν
346 3394 372 3439 τὸ
395 3392 477 3447 ἔξωθεν
496 3393 608 3456 ἐτηρεῖτο·
628 3398 668 3444 καὶ
691 3402 733 3447 τοῦ
751 3398 868 3460 Πειραιῶς
889 3396 927 3448 t'ov
948 3395 1071 3457 Μουνυχίᾳ
1094 3395 1205 3452 ἑξήκοντα
1231 3393 1390 3454 (ὀγδοήκοντα
1407 3404 1456 3442 sec.
1477 3390 1602 3453 Ariston.)
1622 3395 1664 3457 μὲν
1684 3391 1806 3443 stacione
1820 3390 1873 3470 aine:

289 3460 421 3522 πεείΰολοτ,
441 3464 468 3511 τὸ
484 3463 505 3509 δ’
520 3464 544 3511 ἐν
558 3464 649 3528 φυλακῇ
665 3466 694 3527 ἦν
713 3468 787 3528 ἣμισυ
809 3465 901 3515 τούτου.
920 3463 1043 3514 Diodorus
1062 3470 1099 3522 ti,
1120 3467 1159 3521 72,
1175 3467 1197 3525 8,
1214 3466 1343 3525 postquam
1367 3462 1462 3513 dixerat
1478 3463 1538 3526 Agin
1555 3466 1643 3513 conire
1660 3463 1766 3513 Athenas
1784 3460 1873 3510 durasse

289 3530 375 3593 viginti
392 3533 449 3580 octo
463 3531 540 3582 millia
557 3535 668 3595 peditum
682 3538 708 3587 et
721 3534 787 3585 mille
800 3538 825 3585 et
840 3536 958 3586 ducentos
977 3535 1081 3598 equites,
1095 3535 1173 3599 pergit
1193 3533 1259 3583 hurrc
1278 3534 1303 3583 in
1320 3535 1420 3583 modum
1435 3536 1477 3583 zoi
1492 3534 1517 3583 di
1528 3530 1657 3596 στρατηγοὶ
1672 3539 1719 3584 τῶν
1733 3531 1872 3589 Ἀθηναίων...

288 3603 423 3665 θεωροῦντες
435 3603 605 3666 ἐκτεταγμένην
622 3609 718 3665 τὴντῶν
732 3607 850 3668 πολεμίων
861 3608 957 3670 δύναμιν
968 3608 1000 3662 είς
1012 3607 1134 3669 φάλαγγα,
1149 3606 1177 3655 τὸ
1191 3605 1232 3665 μὲν
1244 3604 1314 3666 βάθος
1327 3606 1359 3660 εἰς
1370 3606 1480 3667 τέτταρας
1495 3604 1594 3667 ἄνδρας,
1608 3607 1637 3655 τὸ
1650 3604 1675 3655 δέ
1688 3610 1760 3665 μῆκος
1772 3602 1807 3651 ini
1822 3616 1872 3649 στα·

289 3673 351 3729 δίους
361 3675 392 3732 ii,
410 3672 464 3723 τότε
479 3680 572 3736 πρῶτον
587 3678 768 3735 κατεπλάγησαν
781 3679 918 3741 θεωροῦντες
935 3679 964 3726 τὰ
981 3678 1022 3727 δύο
1037 3679 1094 3741 μέρη
1107 3675 1192 3739 σχεδόν
1205 3679 1248 3725 τοῦ
1263 3675 1353 3737 τείχους
1367 3675 1413 3724 ὑπὸ
1427 3681 1475 3724 τῶν
1498 3676 1618 3738 πολεμίων
1636 3675 1817 3740 περιειλημμένα.
1829 3672 1874 3719 ίίοθ

288 3743 319 3792 (λε
338 3744 392 3794 loro
407 3757 464 3807 qnae
480 3745 614 3796 Bursinnus
634 3749 738 3812 (Gener.
768 3761 820 3797 eron
836 3747 1037 3810 Grieclrerriund,
1060 3751 1120 3797 tom.
1141 3749 1162 3807 l,
1184 3760 1206 3809 p.
1233 3748 1278 3795 273
1298 3745 1365 3808 not..)
1386 3757 1464 3808 nuper
1484 3743 1561 3805 dixit,
1581 3758 1614 3795 ea
1633 3744 1731 3795 admitti
1752 3743 1873 3823 umescunt,

287 3814 423 3863 Dicendum
447 3817 501 3864 erat
521 3815 595 3865 verba
613 3819 650 3867 ἐπὶ
670 3820 780 3873 σταδίους
790 3825 813 3877 η·
831 3822 945 3882 corrupta
959 3832 1027 3880 τινες,
1043 3816 1068 3867 id
1081 3817 1145 3867 enim
1157 3817 1195 3866 rel
1210 3814 1266 3866 inde
1282 3817 1361 3879 patet,
1376 3815 1443 3877 quod
1463 3814 1570 3878 phalanx
1588 3814 1630 3865 illa
1662 3820 1739 3865 tuton
1760 3812 1875 3890 hominum

286 3882 323 3945 (si
343 3884 366 3933 in
389 3883 498 3947 singulos
521 3882 617 3948 pedites
644 3901 688 3951 pre
705 3900 773 3937 more
789 3885 864 3937 trium
881 3888 969 3951 pedum
994 3888 1115 3951 spatium,
1140 3886 1164 3935 in
1185 3885 1294 3949 singulos
1315 3885 1411 3949 equites
1432 3888 1517 3935 eutem
1538 3897 1579 3934 sex
1592 3886 1670 3948 pedes
1692 3878 1874 3947 computarem)

285 3953 459 4017 longitudinem
477 3954 567 4006 hahere
581 3955 686 4006 debehat
708 3956 844 4007 stadiorum
859 3961 899 4008 39.
917 3960 1002 4021 ltaque
1020 3972 1064 4022 pro
1086 3957 1107 4017 η’
1119 3957 1186 4021 legas
1201 3965 1234 4019 μ’,
1251 3957 1325 4018 idque
1345 3960 1414 4007 tanto
1437 3956 1610 4019 confidentius,
1626 3970 1704 4020 quum
1723 3954 1781 4006 nihil
1800 3953 1825 4003 in
1839 3963 1875 3999 eo

285 4023 383 4073 dicihus
402 4024 435 4074 sit
454 4023 542 4075 harum
562 4025 689 4077 literarum
705 4028 883 4091 permutatione
895 4029 1055 4092 frequentius.
1068 4028 1146 4091 Igitur
1156 4026 1278 4077 Diodorus
1295 4039 1393 4089 quoque
1402 4062 1409 4089 ,
1423 4026 1487 4077 sicin
1500 4026 1672 4077 Aristodemus
1693 4030 1718 4077 et
1741 4023 1874 4077 scholiasta·

285 4092 404 4143 ambitum
422 4094 491 4145 urhis
502 4096 625 4160 seragirrta
638 4098 773 4149 stadiorum
783 4112 838 4149 esse
858 4100 960 4149 censuit.
979 4103 1009 4150 At
1026 4111 1110 4149 resera
1122 4096 1254 4148 circuitum
1271 4095 1351 4145 multe
1362 4097 1480 4147 minorem
1494 4096 1571 4147 tuisse
1586 4097 1649 4147 satis
1657 4098 1709 4160 jam
1725 4096 1806 4159 liquet.
1821 4094 1873 4141 For·

285 4164 360 4212 tsssis
382 4164 494 4227 Ephorus
512 4166 550 4215 rel
563 4166 703 4232 quicunque
726 4169 821 4232 primns
845 4168 917 4219 istius
943 4168 1062 4233 opinionis
1085 4171 1170 4219 auctor
1194 4166 1282 4223 inerit.
1303 4165 1336 4216 ad
1350 4166 1419 4217 urhis
1439 4167 1529 4217 moemn
1539 4181 1670 4232 perperam
1683 4165 1806 4219 transtulit
1817 4175 1877 4213 meo·

284 4245 449 4296 suram,qnae
465 4235 602 4298 pertinebat
620 4237 652 4287 ad
672 4238 791 4289 ambitum
810 4239 878 4290 urhis
904 4241 931 4289 et
943 4239 1117 4290 suburbiorum
1141 4250 1198 4301 qum
1219 4236 1292 4286 nullis
1306 4237 1384 4288 muns
1402 4240 1497 4287 munita
1511 4242 1581 4288 erant
1611 4251 1690 4304 prope
1704 4237 1802 4288 llissum
1815 4235 1838 4282 tl.
1854 4233 1877 4279 et

284 4304 308 4353 in
324 4305 450 4355 ceramico
466 4305 595 4358 exteriore.
607 4336 637 4346 —
650 4312 687 4360 De
704 4310 783 4361 muris
802 4310 881 4373 longh
900 4311 1068 4361 Aristodemus
1083 4313 1109 4361 et
1123 4306 1279 4371 Thucydides
1290 4309 1452 4360 consentiunt.
1467 4311 1545 4358 Tanto
1561 4310 1640 4373 major
1657 4308 1783 4359 dissensus
1801 4308 1837 4355 est
1848 4301 1876 4352 de

285 4375 392 4439 Piraeiros
409 4376 542 4440 peninsula
556 4379 665 4440 ambitu,
676 4394 751 4443 quem
760 4379 916 4442 Thucydides
931 4388 976 4444 cu,
990 4376 1161 4432 Aristodemus
1171 4383 1211 4440 λθ,
1228 4379 1418 4442 Glrrgsostcmus
1438 4382 1490 4442 (or.
1510 4385 1539 4431 25
1558 4394 1583 4443 p.
1604 4380 1668 4444 521)
1686 4380 1726 4430 rel
1738 4383 1770 4429 90
1791 4374 1865 4427 stadio

283 4460 338 4496 rum
358 4460 412 4497 esso
433 4447 571 4511 perhibent
595 4450 682 4500 Nescio
702 4465 734 4501 an
754 4451 807 4501 hnc
827 4451 989 4516 discrepantia
1010 4466 1043 4503 εκ
1059 4450 1169 4501 contusis
1190 4462 1349 4500 numerorum
1364 4450 1438 4514 signis
1453 4450 1584 4514 repetenda
1600 4450 1641 4500 sit.
1663 4449 1757 4508 Quodsi
1768 4455 1877 4498 nurnerus

284 4518 459 4582 Thucydidem
474 4524 557 4571 vetere
567 4521 687 4573 scribendi
703 4537 791 4587 genere
800 4527 915 4574 exaratus
924 4524 976 4572 mat
985 4521 1053 4572 bunc
1071 4520 1096 4571 in
1107 4521 1217 4571 modum.
1251 4523 1326 4583 Δ(οο
1337 4520 1369 4583 -Ι-
1385 4522 1440 4585 tu),
1457 4520 1527 4570 tacite
1539 4520 1564 4570 in
1576 4519 1691 4583 νιιΙςςαιοε
1702 4521 1774 4569 nous
1786 4518 1823 4598 μδ·
1832 4512 1877 4577 (8⁴)

284 4589 408 4654 eorrumpi
422 4590 517 4653 potuit,
531 4594 557 4642 et
577 4591 692 4657 deinceps
707 4607 752 4657 pro
766 4596 795 4642 iit
809 4594 848 4644 rel
865 4598 895 4643 8⁰
913 4593 953 4642 rel
971 4597 1001 4642 90
1015 4590 1095 4642 stadia
1107 4591 1217 4641 rotundis
1241 4593 1351 4642 numeris
1368 4594 1509 4655 computare
1541 4591 1640 4641 licebat.
1656 4616 1690 4628 -
1717 4588 1794 4638 Simili
1811 4583 1877 4665 modo

282 4661 451 4725 espeelirerim
469 4660 659 4725 discrepantiam
675 4676 732 4726 quse
750 4665 788 4713 est
808 4662 839 4714 de
855 4663 1005 4728 longitndine
1022 4663 1088 4713 muri
1105 4663 1238 4726 Plraleriei,
1257 4676 1330 4727 quem
1355 4661 1412 4712 lihri
1429 4660 1582 4724 Thucydidis
1600 4664 1631 4711 hh
1652 4659 1791 4710 stadiorum
1810 4655 1878 4704 inisse

204 4760 221 4781 ο
283 4732 421 4793 pertubant,
447 4731 508 4781 dum
529 4733 595 4796 apud
623 4734 805 4784 Aristodemum
826 4734 921 4784 nonnisi
943 4741 974 4785 30
1000 4734 1080 4784 stadia
1099 4737 1279 4797 computentur.
1296 4734 1420 4785 Posterior
1442 4745 1561 4783 numerus
1586 4746 1667 4795 quum
1686 4730 1755 4781 veris
1774 4729 1877 4779 temtum

281 4803 403 4853 mensuris
417 4800 478 4852 setis
492 4805 633 4866 conveniat,
649 4804 761 4868 suspicor
771 4804 796 4852 in
813 4803 956 4867 Thucydide
973 4805 1032 4855 olim
1046 4804 1164 4867 scriptum
1181 4804 1258 4854 tuisse
1267 4808 1348 4856 lliitll
1362 4809 1422 4856 ΔΔΔ
1439 4807 1531 4864 ΠΡΟΣ,
1543 4803 1619 4867 quod,
1636 4802 1710 4854 litera
1722 4805 1744 4852 li
1757 4806 1876 4880 perpetiit

282 4874 401 4936 repetita,
423 4872 496 4924 tacite
514 4873 639 4926 abieritis
657 4878 741 4925 aaan
762 4875 835 4939 (35).
854 4877 971 4925 ceterum
981 4875 1049 4937 quod
1061 4874 1212 4937 Thucydidis
1225 4880 1368 4939 computum
1381 4875 1482 4937 attinet,
1499 4873 1650 4923 novissimus
1663 4873 1696 4922 de
1709 4884 1739 4921 eo
1761 4864 1877 4931 rnqursult

281 4947 398 4995 Ernestus
408 4945 510 4995 curtim
522 4945 547 4995 in
563 4947 645 5010 operis
661 4946 762 5011 egregii,
780 4945 848 5008 quod
868 4946 1009 4996 inscribitur
1028 4945 1139 4996 Attisehe
1155 4945 1279 5008 Studien,
1302 4945 1420 5009 particula
1432 4945 1509 5009 prima
1525 4946 1617 5007 (Prope
1635 4942 1694 4993 und
1713 4939 1878 4993 Sindtruuuer·

281 5018 426 5078 Grettingen
444 5021 512 5067 tect.
530 5016 736 5082 Ahhcndtunpen
757 5017 805 5068 der
818 5016 991 5081 dmeitsehost
1012 5017 1038 5067 d.
1060 5019 1132 5067 Wirr.
1151 5030 1184 5067 su
1207 5018 1280 5066 Genti.
1295 5020 1356 5066 torn.
1376 5011 1878 5091 xl).censetnrdoerissinroson1oer⁰⁵

280 5085 451 5149 aTbncydide
467 5087 570 5138 traditos
583 5087 684 5139 easdem
698 5087 762 5138 inter
773 5086 899 5138 sehehere
912 5088 1078 5151 proportiones
1088 5101 1144 5151 quae
1157 5087 1233 5137 tuisse
1245 5087 1374 5137 rideantur
1390 5083 1569 5149 longitudinum
1582 5095 1730 5145 murorum,
1740 5082 1767 5132 at
1777 5073 1878 5158 emgll⁰i

281 5154 416 5206 suillorum
427 5158 734 5223 numerosiustismsjores
744 5171 809 5219 esse,
821 5158 841 5207 si
850 5159 951 5221 quidem
963 5158 1073 5209 stadium
1084 5158 1225 5210 adhibueris
1236 5156 1403 5221 vulgamiltud
1412 5157 1421 5220 (
1430 5159 1482 5218 itt,
1493 5157 1521 5204 97
1532 5153 1635 5216 mete),
1648 5152 1719 5215 qnod
1732 5153 1879 5213 olympicum

281 5226 463 5290 volverentur
484 5233 510 5280 et
532 5237 576 5280 tao
596 5243 685 5294 pessus
704 5232 825 5280 Romanos
848 5231 911 5292 (tsi,
923 5233 951 5279 itt
976 5228 1066 5293 metr.)
1085 5230 1138 5279 sire
1149 5231 1262 5279 octavam
1277 5227 1380 5277 milliarii
1393 5230 1487 5291 partem
1510 5226 1633 5288 exequor.
1651 5225 1742 5285 ltaque
1759 5212 1878 5302 fledradi·

280 5294 335 5345 dem
347 5295 499 5348 brevioribus
509 5298 656 5361 quibusdam
677 5299 777 5359 stadiis,
796 5312 902 5362 quemm
915 5310 959 5349 sex
971 5298 1096 5350 etiioerent
1108 5298 1234 5362 olympica
1245 5297 1447 5360 stadiaquinque‚
1462 5310 1535 5348 usum
1550 5307 1604 5345 esse
1618 5293 1771 5357 suspicatur.
1789 5292 1878 5341 turrim

280 5378 407 5416 mensuras
420 5380 545 5418 murorum
562 5369 656 5421 ratione
668 5370 785 5434 probabili
799 5373 870 5433 puisi
880 5370 915 5420 ita
927 5371 1052 5433 constitui,
1065 5375 1093 5421 ut
1103 5373 1135 5421 sit
