3832 6042
479 441 525 503 m
546 442 660 503 uvae
682 442 732 503 uu
753 442 802 503 ιι
824 442 885 506 um
905 442 978 505 uus
1001 433 1207 506 conrates.
1602 452 1642 512 m
1748 398 1752 403 ’
1793 440 1798 449 ·
1863 426 1884 517 ‚q

68 599 129 637 ceux
145 580 188 654 qui
202 590 337 655 maugeut
351 580 377 634 la
393 578 472 633 chair
487 577 651 632 humaineai
669 575 815 632 s'abstenir
871 578 963 654 pieres.
980 579 1145 654 Cependant
1159 598 1232 635 nous
1250 598 1285 635 nc
1300 598 1432 654 pourous
1444 598 1496 655 pas
1510 580 1571 638 dire
1589 602 1645 657 que

69 669 99 723 de
111 678 173 725 cette
184 667 330 724 execrable
345 678 374 723 et
387 666 503 723 odieuse
515 668 691 722 nourriture.
871 686 945 742 pour
959 681 1022 724 tous
1038 669 1078 724 les
1087 670 1183 744 Meges
1194 680 1222 725 ct
1233 670 1258 725 le
1271 680 1344 725 reste
1356 668 1406 725 des
1418 670 1531 743 Perses,
1550 673 1643 726 Venus
1703 662 1706 667 ’

100 757 337 813 LoisdesPerses.
360 759 475 813 —Les
496 756 592 811 Perses
607 753 664 809 ont
678 753 744 823 fait,
762 773 817 810 eux
874 759 1133 835 itaitpiace'eavec
1147 761 1388 816 laLuueetavec
1402 761 1523 817 Saturne
1538 759 1645 815 dansie
1734 760 1737 769 “
1799 770 1824 799 ··
1875 748 1877 755 ’

67 847 223 920 aussi,pour
234 846 299 901 leur
313 862 406 921 usage,
423 844 473 900 des
485 845 539 899 lois
553 847 603 918 qui
619 844 680 899 leur
693 854 817 917 permet-
873 850 951 923 signe
961 859 989 903 et
999 847 1068 904 daus
1079 848 1119 904 les
1131 849 1236 923 parties
1247 847 1283 903 de
1294 848 1434 924 Saturne,
1450 847 1578 923 pendant
1591 865 1647 920 que
1726 870 1731 879 ¹

67 949 117 993 tent
128 937 161 993 de
173 936 294 1012 prendre
307 953 384 1010 pour
394 936 515 1009 epouses
528 935 603 990 leurs
623 950 727 1002 soerrrs,
745 930 820 989 leurs
874 937 950 991 Mars
963 955 983 1010 y
997 937 1065 992 etait
1076 936 1158 996 aussi.
1174 937 1199 993 lt
1213 938 1300 992 existe
1316 935 1386 992 dans
1400 936 1550 1012 beaucoup
1565 935 1645 991 d‘en-

68 1022 280 1080 filiesetlesfilles
291 1022 415 1079 deleurs
424 1020 506 1080 filies.
520 1021 820 1078 lis’entrourememe
877 1024 966 1081 droits
977 1026 1015 1081 du
1030 1044 1166 1099 royaume
1181 1025 1230 1082 des
1244 1027 1376 1094 Parthos,
1393 1026 1444 1082 des
1456 1027 1585 1082 hommes
1596 1025 1647 1100 qui
1734 1020 1736 1023 ’
1844 1020 1851 1031 “

67 1117 195 1188 quirunt
220 1114 286 1188 plus
317 1113 378 1168 loiu
404 1122 433 1167 et
462 1113 599 1186 riportsent
628 1111 719 1165 meme
747 1111 821 1165 leurs
877 1125 958 1170 tuent
972 1114 1047 1169 icurs
1059 1113 1190 1183 semmes,
1207 1116 1281 1170 leurs
1292 1113 1379 1169 ireres
1390 1125 1418 1170 et
1430 1117 1504 1171 leurs
1519 1113 1649 1183 enfants,

66 1200 193 1282 miresir).
202 1202 410 1277 Queiquesuns
425 1200 462 1256 dc
480 1218 526 1255 ces
538 1200 632 1255 Perses
644 1209 694 1254 ont
707 1200 751 1253 eti
763 1198 820 1255 dis·
877 1214 906 1259 et
913 1201 1099 1258 n’encoureut
1109 1221 1202 1258 aucun
1213 1202 1379 1272 chatiruent,
1394 1201 1487 1258 tundis
1498 1222 1565 1276 que,
1582 1203 1650 1258 chez

66 1295 147 1368 persis
161 1303 187 1349 et
202 1311 230 1348 se
242 1302 380 1348 trouvent
395 1307 429 1347 eu
445 1287 552 1362 Medic,
564 1287 634 1344 dans
650 1287 677 1342 la
693 1286 817 1357 Parthie,
877 1292 917 1346 ies
933 1291 1069 1346 Romaim
1089 1303 1118 1347 et
1132 1291 1172 1346 les
1191 1292 1292 1360 Grecs,
1315 1289 1387 1345 celui
1403 1292 1453 1364 qui
1476 1302 1523 1347 tue
1545 1310 1585 1346 uu
1599 1290 1649 1345 des

67 1368 208 1455 enEgypte
222 1391 250 1436 et
265 1397 300 1436 en
323 1378 461 1453 Phrygic3
484 1395 523 1433 on
537 1377 577 1433 Ιεε
590 1376 702 1451 appelle
716 1377 820 1451 Magea.
876 1381 949 1439 siens
969 1392 1089 1434 encourt
1109 1380 1138 1435 la
1159 1382 1241 1454 peine
1260 1378 1380 1454 capitale
1401 1380 1451 1452 qui
1473 1392 1515 1435 est
1539 1380 1566 1435 ie
1585 1380 1649 1454 pius

67 1473 130 1527 Πιιιι
141 1481 229 1526 toutes
242 1470 287 1525 les
299 1470 429 1524 contr-ees
442 1468 481 1522 od
492 1467 565 1522 iisse
578 1475 727 1533 trouvent,
742 1466 777 1520 ils
793 1485 822 1521 se
878 1466 971 1540 grand
985 1466 1034 1522 des
1047 1466 1222 1526 ohitiments.

66 1570 226 1632 geuuerneut
239 1558 322 1615 selon
334 1568 406 1613 cette
418 1556 458 1611 ioi
468 1555 518 1629 qui
527 1555 570 1610 fut
582 1553 649 1610 saite
660 1573 738 1629 pour
747 1556 821 1609 leurs
921 1556 988 1610 Lois
1002 1554 1051 1610 des
1063 1554 1157 1610 Gelos.
1175 1586 1215 1599 —
1227 1555 1350 1611 (λιταῖσι
1364 1554 1462 1623 Getes,
1475 1555 1516 1611 les
1537 1554 1652 1612 scmmcs

91 1690 120 1751 (1)
128 1689 280 1754 liempereur
291 1686 373 1738 Julieu
384 1687 434 1750 (1⁸⁸
439 1684 621 1750 pontiumque
630 1683 662 1735 de
671 1685 825 1745 vomtauce,
880 1685 949 1735 teurs
963 1684 1084 1735 chritiens
1093 1684 1138 1736 des
1148 1685 1267 1750 premiere
1280 1684 1367 1736 docies
1376 1684 1521 1736 oouimient
1529 1697 1558 1735 oe
1569 1684 1652 1735 tornoi-

16 1790 17 1793 =
65 1759 78 1821 §
97 1758 239 1823 1⁰)racoute
258 1771 308 1822 que
329 1755 451 1821 Parymtie
465 1754 526 1806 tun
545 1768 613 1806 emur
632 1755 666 1805 du
680 1755 719 1805 roi
734 1755 825 1805 Darius
879 1768 967 1819 praga.
979 1757 1018 1805 ct.
1030 1756 1177 1817 tertullien,
1193 1757 1374 1817 Aduuttones,
1384 1759 1405 1815 1,
1419 1759 1456 1806 tt.
1470 1754 1577 1806 -Saiut
1594 1755 1650 1805 016-

65 1829 153 1881 Notius
168 1832 234 1882 Dius
244 1828 363 1881 contine
377 1829 462 1878 contre
478 1827 515 1877 les
526 1824 649 1887 chretieus
661 1825 694 1875 od
709 1825 727 1876 ii
745 1824 824 1876 reiutc
879 1829 960 1887 ment,
973 1825 1087 1883 uomet..
1096 1828 1159 1887 xm,
1171 1830 1208 1877 19.
1218 1853 1249 1864 -
1258 1826 1375 1891 Origene,
1387 1828 1488 1876 Cmttru
1498 1825 1610 1876 Celsum.
1620 1852 1651 1862 -

65 1895 223 1965 utrumn
232 1901 241 1964 (
251 1900 328 1965 §‚t),
341 1899 365 1950 le
379 1900 460 1948 meuse
472 1897 579 1947 ecrtvaiu
588 1896 625 1947 dit
636 1908 684 1959 quo
693 1896 730 1946 les
739 1898 825 1947 Perses
879 1895 980 1961 D’aprte
1003 1894 1152 1958 Theodoret,
1168 1897 1274 1949 l'autcur
1288 1896 1320 1947 de
1335 1897 1401 1947 oette
1411 1897 1444 1947 toi
1461 1896 1536 1947 serait
1546 1896 1650 1948 zarados

65 1971 239 2033 ipoueeutieun
247 1983 337 2029 umore,
348 1970 415 2020 leurs
426 1968 489 2018 ttttes
500 1970 525 2018 et
534 1968 602 2018 leurs
615 1967 704 2017 meres.
720 1969 767 2017 Les
777 1981 824 2017 au·
880 1968 976 2029 (Grec.
988 1965 1068 2031 essee.
1079 1970 1176 2029 curat,
1185 1968 1219 2019 de
1231 1967 1346 2031 Leuibus.
1357 1967 1403 2016 lid.
1411 1966 1533 2018 Gaieiord.
1545 1980 1571 2032 p.
1580 1966 1644 2032 til)

498 2194 500 2197 ’
555 2174 682 2250 Eusebius,
695 2188 828 2251 Propamt.
842 2200 938 2253 evang,
952 2188 1000 2238 loc.
1016 2190 1058 2237 cti.
1071 2189 1086 2252 §
1099 2191 1153 2239 aa.

16 2384 18 2387 v
65 2304 246 2414 μλμιαιρονεῖν
261 2303 307 2365 καὶ
323 2303 362 2420 μὴ
376 2306 593 2382 ἄθεμιτογαμιῖν,
626 2300 686 2363 οὔτε
703 2305 727 2361 oi
745 2326 827 2362 κακο·
884 2303 1038 2381 αθεμιστίαν
1059 2302 1277 2384 διαπράττονται,
1292 2325 1365 2384 παρα
1349 2304 1479 2368 αδιδόντες
1495 2301 1551 2371 τοὺς
1566 2303 1656 2370 αὐτοὺς

64 2416 122 2454 rotor
114 2394 285 2475 ἠνάγκασαν
299 2392 359 2462 τους
377 2397 542 2474 Βραχμᾶνας
564 2391 728 2471 κακουργεῖν.
883 2391 977 2467 νόμους
992 2390 1037 2451 καὶ
1048 2390 1080 2451 τὰ
1097 2391 1143 2463 ἔθη
1155 2399 1208 2459 τοῖς
1222 2392 1320 2459 τέκνοις
1333 2393 1402 2452 κατὰ
1412 2391 1545 2473 διαδοχήν.
1559 2383 1640 2461 ’Et
1620 2417 1656 2451 ων
1711 2438 1715 2445 ,

99 2481 172 2561 Παρδ
189 2482 347 2563 Πίρσαις’
317 2504 395 2558 νομος
408 2472 440 2554 ἦν
450 2488 548 2587 γαμεῖν
565 2480 612 2546 cd<
626 2478 738 2588 θυγριτίρ
740 2504 770 2546 ας
783 2479 829 2539 καλ
883 2479 933 2539 εἰσὶ
945 2478 1068 2549 μίγρι
1038 2502 1083 2538 νυν
1094 2479 1186 2539 πολλοὶ
1212 2482 1238 2540 ἐν
1258 2477 1348 2560 Μηδία
1362 2478 1407 2539 καί
1422 2483 1448 2539 ἐν
1468 2478 1597 2560 Αἰγύπτῳ
1610 2480 1657 2539 καὶ

64 2568 104 2637 cde
123 2571 234 2649 αδιλρδς
254 2570 302 2629 καὶ
324 2567 372 2637 τδις
390 2567 515 2650 μητέρας·
537 2567 583 2628 καὶ
602 2569 631 2627 οὔ
649 2565 726 2679 μόγον
744 2578 772 2626 εν
791 2576 825 2649 τῇ
853 2562 860 2632 i
884 2577 910 2628 ἐν
925 2565 1056 2647 Γαλατία.
1075 2565 1174 2628 Καὶ’
1148 2590 1178 2626 ου
1191 2566 1275 2639 δήπου
1289 2567 1390 2646 Κύπρις
1410 2570 1437 2627 ἐν
1452 2567 1559 2648 Φρυγία
1574 2568 1656 2627 xciii

61 2658 130 2739 χώρα
144 2660 232 2739 ἰκείνῃ
251 2658 337 2719 καὶέν
350 2656 499 2741 ἐκείνῳ
464 2681 502 2739 τῳ
520 2656 631 2733 κλίματι
647 2656 754 2723 τουτους
766 2656 827 2725 τους
884 2654 963 2736 δρίοις
976 2655 1024 2714 καὶ
1044 2653 1124 2721 οἴκοις
1144 2656 1255 2760 Κρόνου,
1274 2653 1321 2714 σὺν
1347 2654 1439 2736 Κρόνῳ
1452 2657 1658 2765 δρομαρτοῧντος

63 2747 171 2816 timim<
184 2748 325 2827 γαίμουςοί
342 2746 446 2826 Πίρααι
460 2714 598 2819 ἐτίοίησαν.
885 2767 929 2803 του
944 2742 1054 2827 Ἄρεος,
1082 2744 1109 2800 ἓν
1137 2765 1194 2810 ταις
1220 2745 1271 2800 τῶν
1294 2741 1410 2801 ποίντωνι
1426 2742 1558 2821 γενέσεσιν
1585 2741 1658 2821 εὑρί-

95 2836 111 2910 S
127 2855 155 2911 9.
174 2833 258 2894 Ἀλλδι
279 2833 325 2895 καλ
347 2832 405 2897 ’ὅσοι
418 2836 505 2893 αιίτῖῖιν
526 2837 572 2905 τῆς
589 2833 718 2913 Περσίδος
736 2830 828 2903 disdi—
880 2853 973 2913 σκετο.

64 2945 158 2997 μησεν,
181 2922 278 2991 οἵτινες
303 2924 447 2983 καλοῦνται
470 2924 651 3001 Παγουσαῖοι,
673 2920 721 2993 τὴν
746 2920 829 2993 αὐτὴν
846 2994 861 3015 γ’
931 2919 1012 3002 Παρδι
1035 2916 1131 2991 Γόλοις
1146 2915 1224 2995 νόμος
1245 2918 1301 2978 ἐστὶ
1321 2915 1368 2987 τὰς
1389 2927 1514 2997 γυναῖκας
1534 2928 1659 2998 γεωργεῖν

582 3055 768 3121 Recoguitiouee
781 3057 822 3105 Ps.
838 3053 929 3115 ciem„
940 3056 983 3114 lx,
999 3057 1122 3103 att-utne.

61 3174 142 3231 stellae
161 3176 366 3252 compulerunt
381 3173 566 3253 Bragmanos,
581 3187 617 3232 ut
639 3175 749 3250 aliquid
764 3193 828 3251 age·
885 3172 1073 3249 appellantur,
1086 3191 1122 3229 ex
1138 3174 1241 3248 quibus
1253 3190 1344 3248 usque
1356 3170 1388 3230 in
1400 3170 1573 3228 hodiernum
1590 3182 1657 3228 sunt

63 3262 211 3320 rmtmalL
884 3260 973 3317 aiiiin
987 3261 1097 3331 Media,
1119 3263 1166 3318 alii
1184 3263 1213 3317 in
1227 3261 1354 3331 Parthia,
1373 3260 1422 3316 sed
1436 3270 1464 3316 et
1486 3262 1516 3316 iu
1538 3258 1659 3337 AEgypto
1736 3254 1779 3329 ,⁴
1898 3216 1899 3225 ί

95 3351 128 3407 Et
140 3369 240 3408 rursus
250 3371 314 3408 mos
325 3352 402 3428 apud
414 3354 528 3431 Persas,
541 3362 646 3410 matres
658 3352 787 3425 accipere
799 3352 828 3406 in
884 3350 1032 3421 nonnulii,
1055 3351 1152 3426 plures
1177 3361 1272 3407 autem
1293 3348 1324 3406 in
1347 3348 1456 3406 Galatia
1472 3359 1501 3405 et
1522 3349 1659 3424 Phrygia,

61 3438 218 3514 conjugium
237 3450 269 3497 et
286 3457 400 3497 sorores
414 3450 444 3495 et
457 3437 548 3510 filias,
566 3450 595 3497 et
611 3439 664 3496 suh
686 3440 736 3495 ilio
750 3441 828 3495 omni
885 3440 936 3512 qui
955 3457 1053 3495 omnes
1067 3432 1180 3495 iucer'tae
1195 3438 1278 3511 hujus
1296 3436 1456 3493 traditionis
1473 3435 1595 3494 sormam
1616 3438 1661 3491 in·
1732 3504 1735 3511 Ι

60 3541 105 3580 axe
121 3526 227 3584 incesta
242 3529 335 3585 Persa
349 3528 450 3584 ineunt
462 3529 651 3588 matrimonia.
886 3526 1086 3584 declinabilem
1115 3536 1228 3584 servant
1251 3545 1284 3582 ac
1304 3526 1424 3600 posteris
1440 3523 1659 3587 ,custodiendam

97 3632 142 3670 ον.
166 3620 210 3673 Ac
231 3635 271 3672 ne
288 3616 361 3689 (orte
386 3618 468 3674 liceat
486 3617 531 3673 his
548 3617 598 3692 qui
616 3617 764 3674 mathesim
784 3636 829 3674 se·
887 3618 1088 3687 transmittunt,
1101 3617 1185 3673 etiam
1198 3614 1263 3672 cum
1273 3615 1385 3690 plagam
1397 3614 1462 3670 coeli
1476 3615 1660 3683 mutaverint3

63 3714 181 3775 quuutur
191 3705 236 3760 nti
244 3705 298 3760 illo
305 3703 437 3781 perfugio
447 3724 505 3780 quo
522 3704 634 3775 dicunt,
646 3714 736 3761 certas
747 3723 831 3779 quas·
866 3738 870 3753 ι
883 3722 937 3761 nec
946 3715 1041 3762 tamen
1051 3723 1099 3761 eos
1108 3707 1202 3763 Venus
1212 3723 1276 3761 cum
1285 3705 1366 3761 Luna
1372 3704 1401 3757 in
1413 3701 1516 3759 fluibus
1527 3714 1556 3758 et
1568 3702 1661 3758 domi-

60 3787 119 3845 dam
137 3810 196 3849 esse
220 3793 321 3868 plagas
340 3793 416 3862 coeli,
439 3793 543 3867 quibus
564 3792 682 3868 propria
701 3792 830 3865 quaedam
883 3792 936 3848 bus
945 3790 1070 3865 Saturni,
1085 3813 1150 3852 cum
1165 3794 1288 3850 Saturno
1303 3801 1450 3849 attestante
1462 3792 1545 3847 etiem
1562 3792 1661 3859 Marte,
1774 3816 1780 3825 ·

60 3876 158 3937 haben
180 3880 374 3953 conceditur,
390 3900 424 3937 cx
439 3883 498 3955 ipsa
512 3883 658 3938 Persarum
679 3892 763 3957 gente
778 3882 831 3937 ali·
884 3883 1023 3955 compulit
1035 3882 1141 3940 habere
1153 3883 1228 3945 iuter
1245 3892 1360 3938 caeteros
1378 3881 1521 3938 Genesim.

59 3969 149 4038 quanti
169 3969 208 4025 ad
226 3968 380 4043 peregrina
393 3967 514 4043 profecti
531 3979 606 4037 sunt,
628 3968 677 4042 qui
696 3969 829 4043 Magusaei
926 3989 974 4026 aa.
994 3971 1081 4045 Apud
1100 3972 1185 4029 Gelos
1208 3989 1325 4045 quoque
1339 3988 1400 4026 mos
1413 3981 1471 4041 est,
1483 3981 1516 4024 ut
1533 3967 1663 4024 mulieres

630 4097 768 4153 cuserius.
784 4101 955 4174 (tumendum,
973 4101 1023 4152 loc.
1038 4103 1082 4152 ott.

61 4213 202 4294 imiimi«
227 4212 325 4283 αὖτοὺς
345 4215 492 4287 ἇποατῆναι
519 4212 612 4294 ίσχυσε
636 4213 717 4296 μέχρι
743 4215 828 4292 τήμε-
886 4219 953 4284 τινὲς
976 4217 1111 4277 αδτῶν·’
1070 4240 1157 4297 μεχρι
1178 4216 1273 4276 καλ”
1243 4240 1287 4276 νυν
1304 4214 1485 4296 ὑπάρχουσιν,
1512 4216 1539 4273 ἐν
1558 4213 1661 4285 Μήδοις

60 4323 106 4380 pot.
887 4315 932 4366 καῖ
945 4305 1060 4387 Ποίρθοις
1068 4305 1115 4364 καὶ
1129 4304 1288 4383 Ελαμίταις
1297 4327 1342 4364 και
1332 4301 1521 4381 Αἰγυπτίοις
1534 4305 1560 4361 ἐν
1574 4299 1661 4380 Φρυξι

92 4390 201 4471 Ἕτερος
233 4391 316 4468 νόμος
340 4391 486 4460 Χαλδαίοις
522 4392 619 4452 τεκαὶ
651 4392 831 4460 Βαόυλωνίοις
887 4393 932 4453 καὶ
947 4395 1094 4467 Γαλάταις,
1114 4392 1140 4452 lu
1154 4391 1320 4470 τισικόιμαις
1335 4393 1541 4471 μιαιρονουντες
1557 4387 1641 4446 καῖ’
1617 4411 1654 4446 αο-

60 4488 237 4560 μητρογαμεῖν
257 4480 308 4539 καὶ
326 4481 527 4591 ἀδρλρορδοριῖν
541 4482 659 4548 καὶτοῖς
673 4483 745 4551 σφῶν
768 4504 833 4540 παι·
890 4482 962 4541 δίπω
979 4480 1120 4563 Κύπρις
1095 4504 1141 4541 συν
1156 4481 1240 4561 Μήνῃ
1260 4483 1313 4540 ivi
1316 4479 1378 4560 ρίοις
1391 4477 1437 4538 καλ
1452 4478 1531 4544 οίκοις
1546 4475 1661 4555 Κρόνου,

59 4566 95 4624 νίν
117 4567 309 4646 ἐπιμαίνεσθαι
327 4568 372 4627 καὶ
389 4573 548 4650 μιαιφονεῖν,
562 4571 586 4628 εἰ
606 4570 652 4630 καλ
674 4571 764 4650 πόρρω
787 4574 834 4641 τῆς
892 4573 1129 4651 ἐπιμαρτυρουντος
1147 4592 1194 4628 του
1213 4567 1316 4648 Ἄρεος,
1316 4503 1361 4626 piu
1375 4574 1434 4632 ταῖς
1447 4564 1553 4625 πόντων
1577 4564 1661 4622 αιίτων

58 4654 227 4736 ἕνεγκεμόνης
240 4656 389 4737 γίνωνται,
408 4658 520 4725 καὶτοῖς
538 4661 610 4738 σφῶν
623 4663 769 4739 κεχρῆσθαι
786 4659 833 4717 νό-
890 4657 1020 4736 γενέσεσιν
1035 4655 1199 4736 εὑρίσκεσθαι
1211 4654 1253 4715 οία
1264 4677 1303 4716 τε.

61 4767 125 4820 νινε,
138 4750 260 4829 φανερῶς
274 4745 323 4804 καὶ
334 4746 482 4818 λεληθότως
495 4746 715 4824 διακελευόμενοι.
730 4747 776 4817 Ἐξ
798 4739 834 4806 ὧν
931 4744 1050 4826 Θᾶτερος
1062 4744 1089 4804 δὲ
1101 4745 1174 4825 παρδι
1187 4744 1287 4816 Γήλαις
1299 4741 1384 4821 νόμος
1398 4742 1524 4822 γυναῖκας
1539 4747 1662 4820 γεωργεῖν

583 4878 882 4963 commeruimus,
898 4877 1001 4939 ouon,
1017 4877 1065 4928 ue.
1077 4878 1121 4927 οι.

60 4996 173 5072 mimia
192 4994 222 5056 dd
245 5001 305 5060 τοῖς
322 4994 458 5074 ίαωτίροις
473 4993 564 5075 μίρεσι
578 4993 676 5055 τούτων
697 4998 831 5076 δνθριοπο·
886 4994 1005 5070 λωνίοις,
1037 5001 1216 5073 μητρογαμεῖν
1249 4990 1296 5051 καί
1323 4990 1583 5071 ἀδελροτεκνορορεῖν
1617 4989 1662 5048 καὶ

63 5082 190 5160 &poium
211 5083 335 5161 μάλιστα
367 5082 415 5142 καὶ
446 5082 625 5148 κατεσθίοντες
649 5083 778 5155 ἀλλήλους
795 5087 831 5151 ὡς
888 5090 1034 5163 μιαιφονεῖν
1058 5083 1105 5141 καὶ
1136 5090 1224 5141 πᾶσαν
1252 5083 1362 5157 θεομισῆ
1386 5077 1479 5158 πρᾶξιν
1506 5081 1541 5145 ὣς
1567 5077 1662 5158 dota-dv

64 5170 176 5239 εἶινίνες.
888 5171 1033 5243 ἀποτελεῖν,
1055 5169 1106 5230 κᾶν
1127 5170 1218 5250 πόρρω
1239 5173 1286 5241 τῆς
1309 5168 1399 5249 χώρας
1418 5168 1504 5226 αὐτῶν
1518 5165 1657 5245 γίνωνται.

96 5256 186 5329 Ἄλλος
209 5262 238 5322 dd
261 5257 344 5335 νόμος
361 5249 435 5327 οὗτος
459 5260 601 5323 Χαλδαίοις
621 5283 650 5318 τε
674 5259 719 5320 καλ
741 5259 832 5320 tintu-
925 5250 1657 5338 ἘτεροςδάδΠεραγιλαίοις(ἱερ.παρᾶΓόλαις)νόμυς,
