<?xml version="1.0" encoding="UTF-8"?>
<!DOCTYPE html PUBLIC "-//W3C//DTD XHTML 1.0 Transitional//EN"
    "http://www.w3.org/TR/xhtml1/DTD/xhtml1-transitional.dtd">
<html xmlns="http://www.w3.org/1999/xhtml" xml:lang="en" lang="en">
 <head>
  <title>
</title>
<meta http-equiv="Content-Type" content="text/html;charset=utf-8" />
  <meta name='ocr-system' content='tesseract 3.04.00' />
  <meta name='ocr-capabilities' content='ocr_page ocr_carea ocr_par ocr_line ocrx_word'/>
</head>
<body>
  <div class='ocr_page' id='page_1' title='image "./fragmentahistor00jeagoog/fragmentahistor00jeagoog_0473.png"; bbox 0 0 3838 6030; ppageno 0'>
   <div class='ocr_carea' id='block_1_1' title="bbox 259 466 1178 543">
    <p class='ocr_par' dir='ltr' id='par_1_1' title="bbox 259 466 1178 543">
     <span class='ocr_line' id='line_1_1' title="bbox 259 466 1178 543; baseline -0.015 0"><span class='ocrx_word' id='word_1_1' title='bbox 259 485 314 543; x_wconf 75' lang='lat'><strong>{32</strong></span> <span class='ocrx_word' id='word_1_2' title='bbox 929 466 1178 535; x_wconf 73' lang='lat' dir='ltr'><strong>AGA&#39;lrltNGb.</strong></span> 
     </span>
    </p>
   </div>
   <div class='ocr_carea' id='block_1_2' title="bbox 134 611 1840 1752">
    <p class='ocr_par' dir='ltr' id='par_1_2' title="bbox 297 611 1828 691">
     <span class='ocr_line' id='line_1_2' title="bbox 297 611 1828 691; baseline -0.001 -21"><span class='ocrx_word' id='word_1_3' title='bbox 297 611 389 691; x_wconf 79' lang='lat' dir='ltr'><strong>[§5r]</strong></span> <span class='ocrx_word' id='word_1_4' title='bbox 392 653 448 670; x_wconf 88' lang='grc'><strong>.....</strong></span> <span class='ocrx_word' id='word_1_5' title='bbox 466 616 500 668; x_wconf 83' lang='lat' dir='ltr'><strong>Et</strong></span> <span class='ocrx_word' id='word_1_6' title='bbox 512 614 538 667; x_wconf 89' lang='lat' dir='ltr'><strong>le</strong></span> <span class='ocrx_word' id='word_1_7' title='bbox 547 615 590 668; x_wconf 89' lang='lat' dir='ltr'><strong>roi</strong></span> <span class='ocrx_word' id='word_1_8' title='bbox 605 613 747 683; x_wconf 88' lang='lat' dir='ltr'><strong>ordonna,</strong></span> <span class='ocrx_word' id='word_1_9' title='bbox 759 611 890 687; x_wconf 74' lang='lat' dir='ltr'><strong>qu&#39;apres</strong></span> <span class='ocrx_word' id='word_1_10' title='bbox 900 611 939 665; x_wconf 92' lang='lat' dir='ltr'><strong>lui</strong></span> <span class='ocrx_word' id='word_1_11' title='bbox 952 612 1031 667; x_wconf 82' lang='lat' dir='ltr'><strong>avoir</strong></span> <span class='ocrx_word' id='word_1_12' title='bbox 1084 611 1350 681; x_wconf 83' lang='lat' dir='ltr'><strong>deshonneurs‚en</strong></span> <span class='ocrx_word' id='word_1_13' title='bbox 1364 612 1481 669; x_wconf 80' lang='lat' dir='ltr'><strong>disant:</strong></span> <span class='ocrx_word' id='word_1_14' title='bbox 1502 612 1580 668; x_wconf 76' lang='lat' dir='ltr'><strong>‹s’it</strong></span> <span class='ocrx_word' id='word_1_15' title='bbox 1590 632 1627 668; x_wconf 92' lang='lat' dir='ltr'><strong>ne</strong></span> <span class='ocrx_word' id='word_1_16' title='bbox 1639 612 1828 689; x_wconf 66' lang='lat' dir='ltr'><strong>m’ecouepe,</strong></span> 
     </span>
    </p>

    <p class='ocr_par' dir='ltr' id='par_1_3' title="bbox 257 699 1831 776">
     <span class='ocr_line' id='line_1_3' title="bbox 257 699 1831 776; baseline -0.001 -16"><span class='ocrx_word' id='word_1_17' title='bbox 257 707 309 760; x_wconf 91' lang='lat' dir='ltr'><strong>mis</strong></span> <span class='ocrx_word' id='word_1_18' title='bbox 322 704 371 759; x_wconf 89' lang='lat' dir='ltr'><strong>des</strong></span> <span class='ocrx_word' id='word_1_19' title='bbox 385 703 489 758; x_wconf 88' lang='lat' dir='ltr'><strong>ceroles</strong></span> <span class='ocrx_word' id='word_1_20' title='bbox 501 701 538 757; x_wconf 90' lang='lat' dir='ltr'><strong>de</strong></span> <span class='ocrx_word' id='word_1_21' title='bbox 551 702 594 757; x_wconf 86' lang='lat' dir='ltr'><strong>ser</strong></span> <span class='ocrx_word' id='word_1_22' title='bbox 610 720 665 757; x_wconf 83' lang='lat' dir='ltr'><strong>aux</strong></span> <span class='ocrx_word' id='word_1_23' title='bbox 683 719 813 776; x_wconf 86' lang='lat' dir='ltr'><strong>genoux,</strong></span> <span class='ocrx_word' id='word_1_24' title='bbox 829 719 868 755; x_wconf 91' lang='lat' dir='ltr'><strong>on</strong></span> <span class='ocrx_word' id='word_1_25' title='bbox 884 701 910 756; x_wconf 89' lang='lat' dir='ltr'><strong>le</strong></span> <span class='ocrx_word' id='word_1_26' title='bbox 920 700 1032 775; x_wconf 79' lang='lat' dir='ltr'><strong>frappit</strong></span> <span class='ocrx_word' id='word_1_27' title='bbox 1082 699 1301 774; x_wconf 83' lang='lat' dir='ltr'><strong>j&#39;augnaenterai</strong></span> <span class='ocrx_word' id='word_1_28' title='bbox 1315 720 1420 757; x_wconf 79' lang='lat' dir='ltr'><strong>encore</strong></span> <span class='ocrx_word' id='word_1_29' title='bbox 1431 720 1474 757; x_wconf 83' lang='lat' dir='ltr'><strong>ses</strong></span> <span class='ocrx_word' id='word_1_30' title='bbox 1485 700 1660 757; x_wconf 63' lang='lat' dir='ltr'><strong>soum-ancer</strong></span> <span class='ocrx_word' id='word_1_31' title='bbox 1668 713 1696 757; x_wconf 89' lang='lat' dir='ltr'><strong>et</strong></span> <span class='ocrx_word' id='word_1_32' title='bbox 1702 702 1731 774; x_wconf 85' lang='lat' dir='ltr'><strong>je</strong></span> <span class='ocrx_word' id='word_1_33' title='bbox 1737 703 1762 758; x_wconf 91' lang='lat' dir='ltr'><strong>le</strong></span> <span class='ocrx_word' id='word_1_34' title='bbox 1772 714 1831 759; x_wconf 89' lang='lat' dir='ltr'><strong>tour·</strong></span> 
     </span>
    </p>

    <p class='ocr_par' dir='ltr' id='par_1_4' title="bbox 134 786 1832 1043">
     <span class='ocr_line' id='line_1_4' title="bbox 158 786 1832 866; baseline -0.001 -18"><span class='ocrx_word' id='word_1_35' title='bbox 158 805 160 809; x_wconf 86' lang='grc'><strong>’</strong></span> <span class='ocrx_word' id='word_1_36' title='bbox 201 790 203 793; x_wconf 72' lang='grc'><strong>’</strong></span> <span class='ocrx_word' id='word_1_37' title='bbox 257 810 324 848; x_wconf 89' lang='lat' dir='ltr'><strong>avec</strong></span> <span class='ocrx_word' id='word_1_38' title='bbox 335 791 384 847; x_wconf 85' lang='lat' dir='ltr'><strong>dea</strong></span> <span class='ocrx_word' id='word_1_39' title='bbox 397 801 558 860; x_wconf 71' lang='lat' dir='ltr'><strong>murteam,</strong></span> <span class='ocrx_word' id='word_1_40' title='bbox 575 799 603 845; x_wconf 89' lang='lat' dir='ltr'><strong>et</strong></span> <span class='ocrx_word' id='word_1_41' title='bbox 616 789 706 863; x_wconf 90' lang='lat' dir='ltr'><strong>qu&#39;on</strong></span> <span class='ocrx_word' id='word_1_42' title='bbox 718 789 744 845; x_wconf 92' lang='lat' dir='ltr'><strong>le</strong></span> <span class='ocrx_word' id='word_1_43' title='bbox 759 786 907 863; x_wconf 86' lang='lat' dir='ltr'><strong>suspendit</strong></span> <span class='ocrx_word' id='word_1_44' title='bbox 918 786 1031 862; x_wconf 81' lang='lat' dir='ltr'><strong>jusqu’ia</strong></span> <span class='ocrx_word' id='word_1_45' title='bbox 1084 790 1222 845; x_wconf 87' lang='lat' dir='ltr'><strong>menterai</strong></span> <span class='ocrx_word' id='word_1_46' title='bbox 1245 790 1281 846; x_wconf 91' lang='lat' dir='ltr'><strong>de</strong></span> <span class='ocrx_word' id='word_1_47' title='bbox 1303 792 1367 845; x_wconf 88' lang='lat' dir='ltr'><strong>telle</strong></span> <span class='ocrx_word' id='word_1_48' title='bbox 1385 790 1467 866; x_wconf 68' lang='lat' dir='ltr'><strong>sapon</strong></span> <span class='ocrx_word' id='word_1_49' title='bbox 1484 790 1553 864; x_wconf 84' lang='lat' dir='ltr'><strong>qu’il</strong></span> <span class='ocrx_word' id='word_1_50' title='bbox 1563 810 1598 846; x_wconf 87' lang='lat' dir='ltr'><strong>ne</strong></span> <span class='ocrx_word' id='word_1_51' title='bbox 1611 810 1717 866; x_wconf 90' lang='lat' dir='ltr'><strong>pourra</strong></span> <span class='ocrx_word' id='word_1_52' title='bbox 1736 793 1790 864; x_wconf 83' lang='lat' dir='ltr'><strong>plus</strong></span> <span class='ocrx_word' id='word_1_53' title='bbox 1803 794 1832 847; x_wconf 83' lang='lat' dir='ltr'><strong>les</strong></span> 
     </span>
     <span class='ocr_line' id='line_1_5' title="bbox 134 874 1832 956; baseline 0 -20"><span class='ocrx_word' id='word_1_54' title='bbox 134 876 137 883; x_wconf 81' lang='grc'><strong><em>’</em></strong></span> <span class='ocrx_word' id='word_1_55' title='bbox 258 900 291 937; x_wconf 88' lang='lat' dir='ltr'><strong>ce</strong></span> <span class='ocrx_word' id='word_1_56' title='bbox 312 879 399 954; x_wconf 89' lang='lat' dir='ltr'><strong>qu&#39;on</strong></span> <span class='ocrx_word' id='word_1_57' title='bbox 413 881 454 935; x_wconf 92' lang='lat' dir='ltr'><strong>lui</strong></span> <span class='ocrx_word' id='word_1_58' title='bbox 470 880 518 935; x_wconf 82' lang='lat' dir='ltr'><strong>elit</strong></span> <span class='ocrx_word' id='word_1_59' title='bbox 535 879 611 933; x_wconf 70' lang='lat' dir='ltr'><strong>brist</strong></span> <span class='ocrx_word' id='word_1_60' title='bbox 626 879 799 953; x_wconf 82' lang='lat' dir='ltr'><strong>leagenoux.</strong></span> <span class='ocrx_word' id='word_1_61' title='bbox 817 874 882 933; x_wconf 85' lang='lat' dir='ltr'><strong>Etil</strong></span> <span class='ocrx_word' id='word_1_62' title='bbox 896 876 1031 933; x_wconf 86' lang='lat' dir='ltr'><strong>demeura</strong></span> <span class='ocrx_word' id='word_1_63' title='bbox 1084 890 1250 952; x_wconf 77' lang='lat' dir='ltr'><strong>supportet,</strong></span> <span class='ocrx_word' id='word_1_64' title='bbox 1269 903 1281 928; x_wconf 75' lang='grc' dir='ltr'>ι</span> <span class='ocrx_word' id='word_1_65' title='bbox 1299 881 1373 934; x_wconf 83' lang='lat' dir='ltr'><strong>roici</strong></span> <span class='ocrx_word' id='word_1_66' title='bbox 1386 878 1474 953; x_wconf 90' lang='lat' dir='ltr'><strong>qu’un</strong></span> <span class='ocrx_word' id='word_1_67' title='bbox 1491 879 1540 934; x_wconf 87' lang='lat' dir='ltr'><strong>des</strong></span> <span class='ocrx_word' id='word_1_68' title='bbox 1551 878 1767 956; x_wconf 77' lang='lat' dir='ltr'><strong>satrapes(r)se</strong></span> <span class='ocrx_word' id='word_1_69' title='bbox 1782 883 1832 954; x_wconf 86' lang='lat' dir='ltr'><strong>pre&#39;·</strong></span> 
     </span>
     <span class='ocr_line' id='line_1_6' title="bbox 257 965 1831 1043; baseline 0 -20"><span class='ocrx_word' id='word_1_70' title='bbox 257 970 328 1024; x_wconf 87' lang='lat' dir='ltr'><strong>ainsi</strong></span> <span class='ocrx_word' id='word_1_71' title='bbox 336 969 479 1043; x_wconf 88' lang='lat' dir='ltr'><strong>suspendu</strong></span> <span class='ocrx_word' id='word_1_72' title='bbox 490 966 618 1043; x_wconf 82' lang='lat' dir='ltr'>pendant</span> <span class='ocrx_word' id='word_1_73' title='bbox 629 969 699 1022; x_wconf 92' lang='lat' dir='ltr'><strong>trois</strong></span> <span class='ocrx_word' id='word_1_74' title='bbox 718 965 807 1039; x_wconf 86' lang='lat' dir='ltr'><strong>jours.</strong></span> <span class='ocrx_word' id='word_1_75' title='bbox 821 967 861 1021; x_wconf 91' lang='lat' dir='ltr'><strong>Le</strong></span> <span class='ocrx_word' id='word_1_76' title='bbox 873 965 1031 1041; x_wconf 77' lang='lat' dir='ltr'><strong>quatrieme</strong></span> <span class='ocrx_word' id='word_1_77' title='bbox 1086 978 1165 1023; x_wconf 80' lang='lat' dir='ltr'><strong>senta</strong></span> <span class='ocrx_word' id='word_1_78' title='bbox 1188 968 1291 1024; x_wconf 84' lang='lat' dir='ltr'><strong>devant</strong></span> <span class='ocrx_word' id='word_1_79' title='bbox 1313 969 1340 1025; x_wconf 93' lang='lat' dir='ltr'><strong>le</strong></span> <span class='ocrx_word' id='word_1_80' title='bbox 1353 969 1398 1024; x_wconf 90' lang='lat' dir='ltr'><strong>roi</strong></span> <span class='ocrx_word' id='word_1_81' title='bbox 1418 987 1492 1042; x_wconf 91' lang='lat' dir='ltr'><strong>pour</strong></span> <span class='ocrx_word' id='word_1_82' title='bbox 1515 969 1555 1023; x_wconf 87' lang='lat' dir='ltr'><strong>lui</strong></span> <span class='ocrx_word' id='word_1_83' title='bbox 1578 968 1690 1024; x_wconf 86' lang='lat' dir='ltr'>donner</span> <span class='ocrx_word' id='word_1_84' title='bbox 1708 981 1751 1025; x_wconf 88' lang='lat' dir='ltr'><strong>cet</strong></span> <span class='ocrx_word' id='word_1_85' title='bbox 1763 971 1831 1024; x_wconf 82' lang='lat' dir='ltr'><strong>aris:</strong></span> 
     </span>
    </p>

    <p class='ocr_par' dir='ltr' id='par_1_5' title="bbox 253 1053 1834 1133">
     <span class='ocr_line' id='line_1_7' title="bbox 253 1053 1834 1133; baseline 0 -21"><span class='ocrx_word' id='word_1_86' title='bbox 253 1057 329 1129; x_wconf 86' lang='lat' dir='ltr'><strong>jour,</strong></span> <span class='ocrx_word' id='word_1_87' title='bbox 340 1059 359 1112; x_wconf 91' lang='lat' dir='ltr'><strong>il</strong></span> <span class='ocrx_word' id='word_1_88' title='bbox 370 1056 500 1113; x_wconf 86' lang='lat' dir='ltr'><strong>ordonna</strong></span> <span class='ocrx_word' id='word_1_89' title='bbox 511 1053 600 1131; x_wconf 86' lang='lat' dir='ltr'><strong>qu&#39;on</strong></span> <span class='ocrx_word' id='word_1_90' title='bbox 610 1055 784 1112; x_wconf 73' lang='lat' dir='ltr'><strong>l&#39;amenaten</strong></span> <span class='ocrx_word' id='word_1_91' title='bbox 794 1074 823 1111; x_wconf 84' lang='lat' dir='ltr'><strong>sa</strong></span> <span class='ocrx_word' id='word_1_92' title='bbox 832 1057 967 1130; x_wconf 75' lang='lat' dir='ltr'><strong>presence</strong></span> <span class='ocrx_word' id='word_1_93' title='bbox 971 1095 1029 1115; x_wconf 91' lang='grc'><strong>.....</strong></span> <span class='ocrx_word' id='word_1_94' title='bbox 1090 1083 1101 1105; x_wconf 72' lang='grc' dir='ltr'>ι</span> <span class='ocrx_word' id='word_1_95' title='bbox 1120 1053 1173 1112; x_wconf 88' lang='lat' dir='ltr'><strong>Cet</strong></span> <span class='ocrx_word' id='word_1_96' title='bbox 1184 1057 1299 1114; x_wconf 88' lang='lat' dir='ltr'><strong>homme</strong></span> <span class='ocrx_word' id='word_1_97' title='bbox 1314 1069 1355 1114; x_wconf 83' lang='lat' dir='ltr'><strong>est</strong></span> <span class='ocrx_word' id='word_1_98' title='bbox 1374 1056 1492 1133; x_wconf 83' lang='lat' dir='ltr'><strong>indigne</strong></span> <span class='ocrx_word' id='word_1_99' title='bbox 1511 1058 1547 1114; x_wconf 92' lang='lat' dir='ltr'><strong>de</strong></span> <span class='ocrx_word' id='word_1_100' title='bbox 1570 1059 1667 1131; x_wconf 83' lang='lat' dir='ltr'><strong>vivre,</strong></span> <span class='ocrx_word' id='word_1_101' title='bbox 1684 1057 1748 1113; x_wconf 85' lang='lat' dir='ltr'><strong>c&#39;est</strong></span> <span class='ocrx_word' id='word_1_102' title='bbox 1763 1077 1834 1131; x_wconf 91' lang='lat' dir='ltr'><strong>pour·</strong></span> 
     </span>
    </p>

    <p class='ocr_par' dir='ltr' id='par_1_6' title="bbox 299 1142 1833 1226">
     <span class='ocr_line' id='line_1_8' title="bbox 299 1142 1833 1226; baseline 0 -24"><span class='ocrx_word' id='word_1_103' title='bbox 299 1142 326 1226; x_wconf 73' lang='lat' dir='ltr'><strong>[S</strong></span> <span class='ocrx_word' id='word_1_104' title='bbox 349 1145 408 1223; x_wconf 65' lang='lat'><strong>53]</strong></span> <span class='ocrx_word' id='word_1_105' title='bbox 494 1148 529 1201; x_wconf 85' lang='lat' dir='ltr'><strong>Et</strong></span> <span class='ocrx_word' id='word_1_106' title='bbox 545 1146 565 1200; x_wconf 92' lang='lat' dir='ltr'><strong>il</strong></span> <span class='ocrx_word' id='word_1_107' title='bbox 578 1144 711 1200; x_wconf 88' lang='lat' dir='ltr'><strong>ordonna</strong></span> <span class='ocrx_word' id='word_1_108' title='bbox 724 1143 810 1218; x_wconf 88' lang='lat' dir='ltr'><strong>qu&#39;on</strong></span> <span class='ocrx_word' id='word_1_109' title='bbox 825 1144 860 1198; x_wconf 80' lang='lat' dir='ltr'><strong>m</strong></span> <span class='ocrx_word' id='word_1_110' title='bbox 876 1142 978 1199; x_wconf 84' lang='lat' dir='ltr'><strong>foudre</strong></span> <span class='ocrx_word' id='word_1_111' title='bbox 992 1142 1033 1198; x_wconf 92' lang='lat' dir='ltr'><strong>du</strong></span> <span class='ocrx_word' id='word_1_112' title='bbox 1088 1148 1158 1221; x_wconf 92' lang='lat' dir='ltr'><strong>quoi</strong></span> <span class='ocrx_word' id='word_1_113' title='bbox 1171 1148 1192 1201; x_wconf 93' lang='lat' dir='ltr'><strong>il</strong></span> <span class='ocrx_word' id='word_1_114' title='bbox 1205 1165 1242 1203; x_wconf 89' lang='lat' dir='ltr'><strong>ne</strong></span> <span class='ocrx_word' id='word_1_115' title='bbox 1259 1159 1327 1203; x_wconf 84' lang='lat' dir='ltr'><strong>veut</strong></span> <span class='ocrx_word' id='word_1_116' title='bbox 1340 1149 1404 1222; x_wconf 87' lang='lat' dir='ltr'><strong>plus</strong></span> <span class='ocrx_word' id='word_1_117' title='bbox 1420 1148 1522 1204; x_wconf 80' lang='lat' dir='ltr'><strong>existet</strong></span> <span class='ocrx_word' id='word_1_118' title='bbox 1535 1148 1565 1202; x_wconf 93' lang='lat' dir='ltr'><strong>ni</strong></span> <span class='ocrx_word' id='word_1_119' title='bbox 1587 1148 1653 1203; x_wconf 82' lang='lat' dir='ltr'><strong>voir</strong></span> <span class='ocrx_word' id='word_1_120' title='bbox 1673 1148 1699 1203; x_wconf 88' lang='lat' dir='ltr'><strong>la</strong></span> <span class='ocrx_word' id='word_1_121' title='bbox 1721 1147 1833 1215; x_wconf 74' lang='grc' dir='ltr'>Ιιιιιιίὲιε,</span> 
     </span>
    </p>

    <p class='ocr_par' dir='ltr' id='par_1_7' title="bbox 256 1232 1840 1752">
     <span class='ocr_line' id='line_1_9' title="bbox 256 1232 1836 1311; baseline -0.001 -20"><span class='ocrx_word' id='word_1_122' title='bbox 256 1236 355 1309; x_wconf 87' lang='lat' dir='ltr'><strong>plomb</strong></span> <span class='ocrx_word' id='word_1_123' title='bbox 367 1235 436 1291; x_wconf 87' lang='lat' dir='ltr'><strong>dans</strong></span> <span class='ocrx_word' id='word_1_124' title='bbox 451 1233 499 1290; x_wconf 88' lang='lat' dir='ltr'><strong>des</strong></span> <span class='ocrx_word' id='word_1_125' title='bbox 509 1233 675 1290; x_wconf 73' lang='lat' dir='ltr'><strong>obaudierea</strong></span> <span class='ocrx_word' id='word_1_126' title='bbox 684 1232 718 1289; x_wconf 88' lang='lat' dir='ltr'><strong>de</strong></span> <span class='ocrx_word' id='word_1_127' title='bbox 731 1233 788 1302; x_wconf 76' lang='lat' dir='ltr'><strong>fer3</strong></span> <span class='ocrx_word' id='word_1_128' title='bbox 798 1243 836 1306; x_wconf 83' lang='lat' dir='ltr'><strong>et,</strong></span> <span class='ocrx_word' id='word_1_129' title='bbox 850 1232 946 1307; x_wconf 88' lang='lat' dir='ltr'><strong>quand</strong></span> <span class='ocrx_word' id='word_1_130' title='bbox 958 1233 977 1286; x_wconf 89' lang='lat' dir='ltr'><strong>il</strong></span> <span class='ocrx_word' id='word_1_131' title='bbox 989 1232 1032 1287; x_wconf 89' lang='lat' dir='ltr'><strong>sut</strong></span> <span class='ocrx_word' id='word_1_132' title='bbox 1087 1236 1189 1310; x_wconf 84' lang='lat' dir='ltr'><strong>depuis</strong></span> <span class='ocrx_word' id='word_1_133' title='bbox 1202 1236 1363 1311; x_wconf 83' lang='lat' dir='ltr'><strong>longtemps</strong></span> <span class='ocrx_word' id='word_1_134' title='bbox 1381 1239 1400 1292; x_wconf 95' lang='lat' dir='ltr'><strong>il</strong></span> <span class='ocrx_word' id='word_1_135' title='bbox 1420 1237 1517 1292; x_wconf 89' lang='lat' dir='ltr'><strong>habite</strong></span> <span class='ocrx_word' id='word_1_136' title='bbox 1529 1239 1622 1311; x_wconf 88' lang='lat' dir='ltr'><strong>parmi</strong></span> <span class='ocrx_word' id='word_1_137' title='bbox 1640 1256 1727 1309; x_wconf 80' lang='lat' dir='ltr'><strong>nous,</strong></span> <span class='ocrx_word' id='word_1_138' title='bbox 1745 1248 1771 1292; x_wconf 89' lang='lat' dir='ltr'><strong>et</strong></span> <span class='ocrx_word' id='word_1_139' title='bbox 1782 1255 1836 1291; x_wconf 85' lang='lat' dir='ltr'><strong>nors</strong></span> 
     </span>
     <span class='ocr_line' id='line_1_10' title="bbox 258 1321 1837 1401; baseline 0 -22"><span class='ocrx_word' id='word_1_140' title='bbox 258 1325 399 1380; x_wconf 79' lang='lat' dir='ltr'><strong>bouillart</strong></span> <span class='ocrx_word' id='word_1_141' title='bbox 419 1334 447 1378; x_wconf 92' lang='lat' dir='ltr'><strong>et</strong></span> <span class='ocrx_word' id='word_1_142' title='bbox 461 1323 568 1396; x_wconf 84' lang='lat' dir='ltr'><strong>liquide</strong></span> <span class='ocrx_word' id='word_1_143' title='bbox 592 1341 703 1378; x_wconf 89' lang='lat' dir='ltr'><strong>comme</strong></span> <span class='ocrx_word' id='word_1_144' title='bbox 720 1321 757 1377; x_wconf 93' lang='lat' dir='ltr'><strong>de</strong></span> <span class='ocrx_word' id='word_1_145' title='bbox 777 1323 868 1391; x_wconf 82' lang='lat' dir='ltr'><strong>l&#39;eau,</strong></span> <span class='ocrx_word' id='word_1_146' title='bbox 888 1339 926 1375; x_wconf 93' lang='lat' dir='ltr'><strong>on</strong></span> <span class='ocrx_word' id='word_1_147' title='bbox 943 1322 969 1375; x_wconf 89' lang='lat' dir='ltr'><strong>le</strong></span> <span class='ocrx_word' id='word_1_148' title='bbox 989 1321 1033 1376; x_wconf 67' lang='lat' dir='ltr'><strong>rt·</strong></span> <span class='ocrx_word' id='word_1_149' title='bbox 1085 1344 1122 1380; x_wconf 91' lang='lat' dir='ltr'><strong>ne</strong></span> <span class='ocrx_word' id='word_1_150' title='bbox 1136 1326 1162 1380; x_wconf 93' lang='lat' dir='ltr'><strong>le</strong></span> <span class='ocrx_word' id='word_1_151' title='bbox 1178 1327 1370 1382; x_wconf 82' lang='lat' dir='ltr'><strong>connaissions</strong></span> <span class='ocrx_word' id='word_1_152' title='bbox 1391 1326 1485 1401; x_wconf 87' lang='lat' dir='ltr'><strong>point.</strong></span> <span class='ocrx_word' id='word_1_153' title='bbox 1501 1325 1574 1383; x_wconf 87' lang='lat' dir='ltr'><strong>C’est</strong></span> <span class='ocrx_word' id='word_1_154' title='bbox 1594 1328 1620 1382; x_wconf 91' lang='lat' dir='ltr'><strong>le</strong></span> <span class='ocrx_word' id='word_1_155' title='bbox 1639 1324 1682 1381; x_wconf 86' lang='lat' dir='ltr'><strong>fils</strong></span> <span class='ocrx_word' id='word_1_156' title='bbox 1701 1325 1739 1380; x_wconf 90' lang='lat' dir='ltr'><strong>du</strong></span> <span class='ocrx_word' id='word_1_157' title='bbox 1749 1324 1837 1400; x_wconf 84' lang='lat' dir='ltr'><strong>perfide</strong></span> 
     </span>
     <span class='ocr_line' id='line_1_11' title="bbox 256 1409 1838 1493; baseline 0 -26"><span class='ocrx_word' id='word_1_158' title='bbox 256 1413 355 1485; x_wconf 84' lang='lat' dir='ltr'><strong>pandit</strong></span> <span class='ocrx_word' id='word_1_159' title='bbox 375 1430 424 1473; x_wconf 88' lang='lat' dir='ltr'><strong>sur</strong></span> <span class='ocrx_word' id='word_1_160' title='bbox 446 1413 496 1468; x_wconf 93' lang='lat' dir='ltr'><strong>lui.</strong></span> <span class='ocrx_word' id='word_1_161' title='bbox 518 1413 593 1466; x_wconf 90' lang='lat' dir='ltr'><strong>Tout</strong></span> <span class='ocrx_word' id='word_1_162' title='bbox 608 1429 660 1466; x_wconf 89' lang='lat' dir='ltr'><strong>son</strong></span> <span class='ocrx_word' id='word_1_163' title='bbox 682 1429 767 1485; x_wconf 88' lang='lat' dir='ltr'><strong>corps</strong></span> <span class='ocrx_word' id='word_1_164' title='bbox 789 1410 831 1465; x_wconf 90' lang='lat' dir='ltr'><strong>fut</strong></span> <span class='ocrx_word' id='word_1_165' title='bbox 854 1419 973 1465; x_wconf 86' lang='lat' dir='ltr'><strong>convert</strong></span> <span class='ocrx_word' id='word_1_166' title='bbox 997 1409 1033 1464; x_wconf 90' lang='lat' dir='ltr'><strong>de</strong></span> <span class='ocrx_word' id='word_1_167' title='bbox 1088 1415 1239 1489; x_wconf 72' lang='lat' dir='ltr'><strong>Anag,qui</strong></span> <span class='ocrx_word' id='word_1_168' title='bbox 1255 1425 1362 1472; x_wconf 84' lang='lat' dir='ltr'><strong>tuaton</strong></span> <span class='ocrx_word' id='word_1_169' title='bbox 1373 1413 1606 1493; x_wconf 74' lang='lat' dir='ltr'><strong>pereClrosroes,</strong></span> <span class='ocrx_word' id='word_1_170' title='bbox 1618 1414 1838 1470; x_wconf 72' lang='lat' dir='ltr'><strong>divastal&#39;rtnni·</strong></span> 
     </span>
     <span class='ocr_line' id='line_1_12' title="bbox 257 1498 1838 1578; baseline -0.001 -22"><span class='ocrx_word' id='word_1_171' title='bbox 257 1500 396 1557; x_wconf 79' lang='lat' dir='ltr'><strong>brialures.</strong></span> <span class='ocrx_word' id='word_1_172' title='bbox 423 1501 492 1557; x_wconf 89' lang='lat' dir='ltr'><strong>blais</strong></span> <span class='ocrx_word' id='word_1_173' title='bbox 506 1500 643 1577; x_wconf 76' lang='lat' dir='ltr'><strong>Gregoire</strong></span> <span class='ocrx_word' id='word_1_174' title='bbox 663 1499 727 1556; x_wconf 80' lang='lat' dir='ltr'><strong>n&#39;en</strong></span> <span class='ocrx_word' id='word_1_175' title='bbox 756 1510 872 1554; x_wconf 87' lang='lat' dir='ltr'><strong>mourut</strong></span> <span class='ocrx_word' id='word_1_176' title='bbox 893 1516 944 1573; x_wconf 87' lang='lat' dir='ltr'><strong>pas</strong></span> <span class='ocrx_word' id='word_1_177' title='bbox 966 1510 995 1553; x_wconf 86' lang='lat' dir='ltr'><strong>et</strong></span> <span class='ocrx_word' id='word_1_178' title='bbox 1013 1498 1033 1552; x_wconf 92' lang='lat' dir='ltr'><strong>il</strong></span> <span class='ocrx_word' id='word_1_179' title='bbox 1088 1505 1135 1557; x_wconf 88' lang='lat' dir='ltr'><strong>nie</strong></span> <span class='ocrx_word' id='word_1_180' title='bbox 1148 1513 1176 1558; x_wconf 86' lang='lat' dir='ltr'><strong>et</strong></span> <span class='ocrx_word' id='word_1_181' title='bbox 1192 1503 1219 1558; x_wconf 89' lang='lat' dir='ltr'><strong>la</strong></span> <span class='ocrx_word' id='word_1_182' title='bbox 1233 1503 1304 1558; x_wconf 88' lang='lat' dir='ltr'><strong>livra</strong></span> <span class='ocrx_word' id='word_1_183' title='bbox 1317 1521 1353 1559; x_wconf 90' lang='lat' dir='ltr'><strong>au</strong></span> <span class='ocrx_word' id='word_1_184' title='bbox 1367 1505 1473 1578; x_wconf 82' lang='lat' dir='ltr'><strong>pillage</strong></span> <span class='ocrx_word' id='word_1_185' title='bbox 1491 1504 1546 1559; x_wconf 73' lang='lat' dir='ltr'><strong>eta</strong></span> <span class='ocrx_word' id='word_1_186' title='bbox 1564 1505 1590 1559; x_wconf 92' lang='lat' dir='ltr'><strong>la</strong></span> <span class='ocrx_word' id='word_1_187' title='bbox 1611 1504 1753 1578; x_wconf 81' lang='lat' dir='ltr'><strong>eaptivite&#39;.</strong></span> <span class='ocrx_word' id='word_1_188' title='bbox 1766 1504 1800 1559; x_wconf 86' lang='lat' dir='ltr'><strong>Or</strong></span> <span class='ocrx_word' id='word_1_189' title='bbox 1818 1503 1838 1556; x_wconf 89' lang='lat' dir='ltr'><strong>le</strong></span> 
     </span>
     <span class='ocr_line' id='line_1_13' title="bbox 258 1586 1840 1669; baseline 0.001 -26"><span class='ocrx_word' id='word_1_190' title='bbox 258 1590 355 1646; x_wconf 84' lang='lat' dir='ltr'><strong>re&#39;sista</strong></span> <span class='ocrx_word' id='word_1_191' title='bbox 366 1607 435 1645; x_wconf 86' lang='lat' dir='ltr'><strong>avec</strong></span> <span class='ocrx_word' id='word_1_192' title='bbox 446 1608 485 1645; x_wconf 89' lang='lat' dir='ltr'><strong>un</strong></span> <span class='ocrx_word' id='word_1_193' title='bbox 501 1589 593 1664; x_wconf 81' lang='lat' dir='ltr'><strong>grand</strong></span> <span class='ocrx_word' id='word_1_194' title='bbox 603 1607 736 1664; x_wconf 84' lang='lat' dir='ltr'><strong>oourage.</strong></span> <span class='ocrx_word' id='word_1_195' title='bbox 747 1588 795 1657; x_wconf 87' lang='lat' dir='ltr'><strong>Et,</strong></span> <span class='ocrx_word' id='word_1_196' title='bbox 811 1589 827 1643; x_wconf 87' lang='lat' dir='ltr'><strong>&#39;a</strong></span> <span class='ocrx_word' id='word_1_197' title='bbox 839 1588 975 1663; x_wconf 85' lang='lat' dir='ltr'><strong>quelques</strong></span> <span class='ocrx_word' id='word_1_198' title='bbox 982 1586 1033 1642; x_wconf 87' lang='lat' dir='ltr'><strong>de·</strong></span> <span class='ocrx_word' id='word_1_199' title='bbox 1087 1588 1132 1647; x_wconf 83' lang='lat' dir='ltr'><strong>fils</strong></span> <span class='ocrx_word' id='word_1_200' title='bbox 1150 1591 1233 1648; x_wconf 88' lang='lat' dir='ltr'><strong>dece</strong></span> <span class='ocrx_word' id='word_1_201' title='bbox 1252 1593 1381 1649; x_wconf 89' lang='lat' dir='ltr'><strong>criminel</strong></span> <span class='ocrx_word' id='word_1_202' title='bbox 1401 1602 1443 1649; x_wconf 85' lang='lat' dir='ltr'><strong>est</strong></span> <span class='ocrx_word' id='word_1_203' title='bbox 1454 1592 1571 1669; x_wconf 86' lang='lat' dir='ltr'><strong>indigne</strong></span> <span class='ocrx_word' id='word_1_204' title='bbox 1589 1592 1626 1648; x_wconf 90' lang='lat' dir='ltr'><strong>de</strong></span> <span class='ocrx_word' id='word_1_205' title='bbox 1637 1595 1724 1648; x_wconf 84' lang='lat' dir='ltr'><strong>vivre.</strong></span> <span class='ocrx_word' id='word_1_206' title='bbox 1744 1592 1840 1665; x_wconf 69' lang='lat' dir='ltr'><strong>»Apris</strong></span> 
     </span>
     <span class='ocr_line' id='line_1_14' title="bbox 257 1674 1840 1752; baseline 0 -19"><span class='ocrx_word' id='word_1_207' title='bbox 257 1678 372 1745; x_wconf 79' lang='lat' dir='ltr'><strong>mandes</strong></span> <span class='ocrx_word' id='word_1_208' title='bbox 381 1677 469 1752; x_wconf 84' lang='lat' dir='ltr'><strong>qu’on</strong></span> <span class='ocrx_word' id='word_1_209' title='bbox 478 1678 517 1733; x_wconf 91' lang='lat' dir='ltr'><strong>lui</strong></span> <span class='ocrx_word' id='word_1_210' title='bbox 528 1676 660 1750; x_wconf 76' lang='lat' dir='ltr'><strong>adressdt,</strong></span> <span class='ocrx_word' id='word_1_211' title='bbox 670 1677 688 1732; x_wconf 93' lang='lat' dir='ltr'><strong>il</strong></span> <span class='ocrx_word' id='word_1_212' title='bbox 696 1675 975 1751; x_wconf 74' lang='lat' dir='ltr'><strong>repondaitaussitbt</strong></span> <span class='ocrx_word' id='word_1_213' title='bbox 978 1716 1031 1734; x_wconf 92' lang='grc'><strong>.....</strong></span> <span class='ocrx_word' id='word_1_214' title='bbox 1089 1691 1149 1735; x_wconf 86' lang='lat' dir='ltr'><strong>tant</strong></span> <span class='ocrx_word' id='word_1_215' title='bbox 1174 1680 1210 1736; x_wconf 91' lang='lat' dir='ltr'><strong>de</strong></span> <span class='ocrx_word' id='word_1_216' title='bbox 1226 1691 1363 1746; x_wconf 79' lang='lat' dir='ltr'><strong>turtures.</strong></span> <span class='ocrx_word' id='word_1_217' title='bbox 1380 1680 1417 1736; x_wconf 90' lang='lat' dir='ltr'><strong>de</strong></span> <span class='ocrx_word' id='word_1_218' title='bbox 1438 1674 1629 1750; x_wconf 72' lang='lat' dir='ltr'><strong>soussranrri,</strong></span> <span class='ocrx_word' id='word_1_219' title='bbox 1646 1681 1681 1738; x_wconf 94' lang='lat' dir='ltr'><strong>de</strong></span> <span class='ocrx_word' id='word_1_220' title='bbox 1704 1679 1840 1751; x_wconf 77' lang='lat' dir='ltr'><strong>fleau1‚de</strong></span> 
     </span>
    </p>
   </div>
   <div class='ocr_carea' id='block_1_3' title="bbox 615 1858 668 1912">
    <p class='ocr_par' dir='ltr' id='par_1_8' title="bbox 615 1858 668 1912">
     <span class='ocr_line' id='line_1_15' title="bbox 615 1858 668 1912; baseline -0.019 0"><span class='ocrx_word' id='word_1_221' title='bbox 615 1858 668 1912; x_wconf 82' lang='lat' dir='ltr'><strong>XI.</strong></span> 
     </span>
    </p>
   </div>
   <div class='ocr_carea' id='block_1_4' title="bbox 257 2039 1032 2204">
    <p class='ocr_par' dir='ltr' id='par_1_9' title="bbox 257 2039 1032 2204">
     <span class='ocr_line' id='line_1_16' title="bbox 299 2039 1032 2121; baseline -0.008 -22"><span class='ocrx_word' id='word_1_222' title='bbox 299 2039 327 2121; x_wconf 70' lang='lat' dir='ltr'><strong>[S</strong></span> <span class='ocrx_word' id='word_1_223' title='bbox 339 2040 400 2118; x_wconf 63' lang='lat' dir='ltr'><strong>bb]</strong></span> <span class='ocrx_word' id='word_1_224' title='bbox 412 2042 516 2098; x_wconf 84' lang='lat' dir='ltr'><strong>Tandis</strong></span> <span class='ocrx_word' id='word_1_225' title='bbox 526 2060 582 2116; x_wconf 91' lang='lat' dir='ltr'><strong>que</strong></span> <span class='ocrx_word' id='word_1_226' title='bbox 591 2041 716 2097; x_wconf 85' lang='lat' dir='ltr'><strong>Tiridate</strong></span> <span class='ocrx_word' id='word_1_227' title='bbox 725 2041 882 2096; x_wconf 84' lang='lat' dir='ltr'><strong>s&#39;attachait</strong></span> <span class='ocrx_word' id='word_1_228' title='bbox 892 2040 908 2095; x_wconf 87' lang='lat' dir='ltr'><strong>&#39;a</strong></span> <span class='ocrx_word' id='word_1_229' title='bbox 918 2041 958 2094; x_wconf 92' lang='lat' dir='ltr'><strong>lui</strong></span> <span class='ocrx_word' id='word_1_230' title='bbox 969 2058 1032 2116; x_wconf 85' lang='lat' dir='ltr'><strong>par-</strong></span> 
     </span>
     <span class='ocr_line' id='line_1_17' title="bbox 257 2121 1032 2204; baseline -0.008 -16"><span class='ocrx_word' id='word_1_231' title='bbox 257 2135 298 2189; x_wconf 85' lang='lat' dir='ltr'><strong>ler</strong></span> <span class='ocrx_word' id='word_1_232' title='bbox 309 2151 377 2188; x_wconf 85' lang='lat' dir='ltr'><strong>aveo</strong></span> <span class='ocrx_word' id='word_1_233' title='bbox 390 2130 518 2187; x_wconf 88' lang='lat' dir='ltr'><strong>douceur</strong></span> <span class='ocrx_word' id='word_1_234' title='bbox 526 2129 574 2185; x_wconf 80' lang='lat' dir='ltr'><strong>etri</strong></span> <span class='ocrx_word' id='word_1_235' title='bbox 582 2131 621 2186; x_wconf 89' lang='lat' dir='ltr'><strong>lui</strong></span> <span class='ocrx_word' id='word_1_236' title='bbox 632 2141 787 2204; x_wconf 86' lang='lat' dir='ltr'><strong>promettre</strong></span> <span class='ocrx_word' id='word_1_237' title='bbox 798 2129 848 2184; x_wconf 87' lang='lat' dir='ltr'><strong>des</strong></span> <span class='ocrx_word' id='word_1_238' title='bbox 857 2121 993 2185; x_wconf 80' lang='lat' dir='ltr'><strong>richesses‘</strong></span> <span class='ocrx_word' id='word_1_239' title='bbox 1004 2139 1032 2182; x_wconf 88' lang='lat' dir='ltr'><strong>et</strong></span> 
     </span>
    </p>
   </div>
   <div class='ocr_carea' id='block_1_5' title="bbox 257 2284 1034 2565">
    <p class='ocr_par' dir='ltr' id='par_1_10' title="bbox 257 2284 1034 2565">
     <span class='ocr_line' id='line_1_18' title="bbox 288 2284 1029 2353; baseline -0.008 -13"><span class='ocrx_word' id='word_1_240' title='bbox 288 2290 323 2353; x_wconf 78' lang='lat' dir='ltr'><strong>tt)</strong></span> <span class='ocrx_word' id='word_1_241' title='bbox 337 2292 415 2340; x_wconf 83' lang='lat' dir='ltr'><strong>bloise</strong></span> <span class='ocrx_word' id='word_1_242' title='bbox 432 2289 464 2339; x_wconf 87' lang='lat' dir='ltr'><strong>de</strong></span> <span class='ocrx_word' id='word_1_243' title='bbox 477 2288 591 2339; x_wconf 77' lang='lat' dir='ltr'><strong>liberine</strong></span> <span class='ocrx_word' id='word_1_244' title='bbox 600 2287 659 2352; x_wconf 84' lang='lat' dir='ltr'><strong>(liv.</strong></span> <span class='ocrx_word' id='word_1_245' title='bbox 672 2289 710 2349; x_wconf 89' lang='lat' dir='ltr'><strong>ll,</strong></span> <span class='ocrx_word' id='word_1_246' title='bbox 727 2287 767 2336; x_wconf 88' lang='lat' dir='ltr'><strong>eh.</strong></span> <span class='ocrx_word' id='word_1_247' title='bbox 782 2285 827 2349; x_wconf 80' lang='lat'><strong>82)</strong></span> <span class='ocrx_word' id='word_1_248' title='bbox 845 2298 909 2336; x_wconf 88' lang='lat' dir='ltr'><strong>nous</strong></span> <span class='ocrx_word' id='word_1_249' title='bbox 921 2284 1029 2350; x_wconf 87' lang='lat' dir='ltr'><strong>apprend</strong></span> 
     </span>
     <span class='ocr_line' id='line_1_19' title="bbox 257 2354 1034 2424; baseline -0.009 -13"><span class='ocrx_word' id='word_1_250' title='bbox 257 2362 280 2411; x_wconf 90' lang='lat' dir='ltr'><strong>le</strong></span> <span class='ocrx_word' id='word_1_251' title='bbox 292 2374 350 2411; x_wconf 90' lang='lat' dir='ltr'><strong>nom</strong></span> <span class='ocrx_word' id='word_1_252' title='bbox 361 2360 392 2411; x_wconf 92' lang='lat' dir='ltr'><strong>de</strong></span> <span class='ocrx_word' id='word_1_253' title='bbox 410 2373 439 2410; x_wconf 84' lang='lat' dir='ltr'><strong>oe</strong></span> <span class='ocrx_word' id='word_1_254' title='bbox 450 2361 556 2424; x_wconf 77' lang='lat' dir='ltr'><strong>satrape.</strong></span> <span class='ocrx_word' id='word_1_255' title='bbox 581 2379 593 2402; x_wconf 77' lang='grc' dir='ltr'><strong>ιι</strong></span> <span class='ocrx_word' id='word_1_256' title='bbox 615 2356 726 2422; x_wconf 82' lang='lat' dir='ltr'><strong>Dadjad,</strong></span> <span class='ocrx_word' id='word_1_257' title='bbox 746 2356 829 2417; x_wconf 90' lang='lat' dir='ltr'><strong>dit-il,</strong></span> <span class='ocrx_word' id='word_1_258' title='bbox 843 2355 982 2406; x_wconf 79' lang='lat' dir='ltr'><strong>beau-frere</strong></span> <span class='ocrx_word' id='word_1_259' title='bbox 1002 2354 1034 2404; x_wconf 92' lang='lat' dir='ltr'><strong>de</strong></span> 
     </span>
     <span class='ocr_line' id='line_1_20' title="bbox 259 2425 1033 2493; baseline -0.009 -11"><span class='ocrx_word' id='word_1_260' title='bbox 259 2433 380 2482; x_wconf 79' lang='lat' dir='ltr'><strong>ardarazt</strong></span> <span class='ocrx_word' id='word_1_261' title='bbox 399 2429 570 2493; x_wconf 73' lang='lat' dir='ltr'><strong>nmtegouni,</strong></span> <span class='ocrx_word' id='word_1_262' title='bbox 589 2430 628 2479; x_wconf 86' lang='lat' dir='ltr'><strong>lut</strong></span> <span class='ocrx_word' id='word_1_263' title='bbox 643 2429 700 2479; x_wconf 79' lang='lat' dir='ltr'><strong>eree</strong></span> <span class='ocrx_word' id='word_1_264' title='bbox 717 2428 801 2493; x_wconf 85' lang='lat' dir='ltr'><strong>prinoe</strong></span> <span class='ocrx_word' id='word_1_265' title='bbox 821 2426 856 2476; x_wconf 89' lang='lat' dir='ltr'><strong>du</strong></span> <span class='ocrx_word' id='word_1_266' title='bbox 870 2430 957 2477; x_wconf 86' lang='lat' dir='ltr'><strong>canton</strong></span> <span class='ocrx_word' id='word_1_267' title='bbox 975 2425 1033 2475; x_wconf 76' lang='lat' dir='ltr'><strong>d’a·</strong></span> 
     </span>
     <span class='ocr_line' id='line_1_21' title="bbox 258 2497 1031 2565; baseline -0.008 -12"><span class='ocrx_word' id='word_1_268' title='bbox 258 2503 337 2553; x_wconf 85' lang='lat' dir='ltr'><strong>rlrotz.</strong></span> <span class='ocrx_word' id='word_1_269' title='bbox 361 2504 396 2553; x_wconf 85' lang='lat' dir='ltr'><strong>ce</strong></span> <span class='ocrx_word' id='word_1_270' title='bbox 420 2503 457 2551; x_wconf 88' lang='lat' dir='ltr'><strong>lut</strong></span> <span class='ocrx_word' id='word_1_271' title='bbox 486 2499 581 2565; x_wconf 85' lang='lat' dir='ltr'><strong>Dadjad</strong></span> <span class='ocrx_word' id='word_1_272' title='bbox 598 2499 642 2564; x_wconf 86' lang='lat' dir='ltr'><strong>qui</strong></span> <span class='ocrx_word' id='word_1_273' title='bbox 667 2498 765 2563; x_wconf 76' lang='lat' dir='ltr'><strong>privint</strong></span> <span class='ocrx_word' id='word_1_274' title='bbox 789 2497 926 2558; x_wconf 71' lang='lat' dir='ltr'><strong>ardeant,</strong></span> <span class='ocrx_word' id='word_1_275' title='bbox 951 2497 1031 2561; x_wconf 88' lang='lat' dir='ltr'><strong>lequel</strong></span> 
     </span>
    </p>
   </div>
   <div class='ocr_carea' id='block_1_6' title="bbox 1087 1768 1844 2201">
    <p class='ocr_par' dir='ltr' id='par_1_11' title="bbox 1087 1768 1844 2201">
     <span class='ocr_line' id='line_1_22' title="bbox 1088 1768 1840 1845; baseline -0.001 -23"><span class='ocrx_word' id='word_1_276' title='bbox 1088 1769 1179 1844; x_wconf 85' lang='lat' dir='ltr'><strong>gibets</strong></span> <span class='ocrx_word' id='word_1_277' title='bbox 1188 1780 1218 1824; x_wconf 87' lang='lat' dir='ltr'><strong>et</strong></span> <span class='ocrx_word' id='word_1_278' title='bbox 1237 1770 1272 1826; x_wconf 90' lang='lat' dir='ltr'><strong>de</strong></span> <span class='ocrx_word' id='word_1_279' title='bbox 1287 1768 1424 1825; x_wconf 89' lang='lat' dir='ltr'><strong>douleurs</strong></span> <span class='ocrx_word' id='word_1_280' title='bbox 1443 1781 1554 1827; x_wconf 77' lang='lat' dir='ltr'><strong>atroces</strong></span> <span class='ocrx_word' id='word_1_281' title='bbox 1564 1770 1633 1845; x_wconf 84' lang='lat' dir='ltr'><strong>qu’il</strong></span> <span class='ocrx_word' id='word_1_282' title='bbox 1644 1780 1840 1845; x_wconf 82' lang='lat' dir='ltr'><strong>supportaarer</strong></span> 
     </span>
     <span class='ocr_line' id='line_1_23' title="bbox 1088 1858 1842 1933; baseline -0.009 -18"><span class='ocrx_word' id='word_1_283' title='bbox 1088 1870 1149 1915; x_wconf 88' lang='lat' dir='ltr'><strong>tant</strong></span> <span class='ocrx_word' id='word_1_284' title='bbox 1158 1858 1194 1915; x_wconf 89' lang='lat' dir='ltr'><strong>de</strong></span> <span class='ocrx_word' id='word_1_285' title='bbox 1204 1859 1375 1933; x_wconf 70' lang='lat' dir='ltr'><strong>resignation</strong></span> <span class='ocrx_word' id='word_1_286' title='bbox 1385 1877 1460 1932; x_wconf 90' lang='lat' dir='ltr'><strong>pour</strong></span> <span class='ocrx_word' id='word_1_287' title='bbox 1469 1860 1496 1915; x_wconf 91' lang='lat' dir='ltr'><strong>le</strong></span> <span class='ocrx_word' id='word_1_288' title='bbox 1507 1878 1574 1915; x_wconf 92' lang='lat' dir='ltr'><strong>norn</strong></span> <span class='ocrx_word' id='word_1_289' title='bbox 1585 1859 1620 1914; x_wconf 85' lang='lat' dir='ltr'><strong>de</strong></span> <span class='ocrx_word' id='word_1_290' title='bbox 1630 1858 1842 1931; x_wconf 77' lang='lat' dir='ltr'><strong>Notae-seigneur</strong></span> 
     </span>
     <span class='ocr_line' id='line_1_24' title="bbox 1087 1945 1842 2021; baseline -0.008 -17"><span class='ocrx_word' id='word_1_291' title='bbox 1087 1948 1293 2017; x_wconf 78' lang='lat' dir='ltr'><strong>lesus-Christ,</strong></span> <span class='ocrx_word' id='word_1_292' title='bbox 1310 1949 1336 2003; x_wconf 93' lang='lat' dir='ltr'><strong>le</strong></span> <span class='ocrx_word' id='word_1_293' title='bbox 1350 1949 1406 2019; x_wconf 90' lang='lat' dir='ltr'><strong>roi,</strong></span> <span class='ocrx_word' id='word_1_294' title='bbox 1423 1959 1509 2021; x_wconf 86' lang='lat' dir='ltr'><strong>ayant</strong></span> <span class='ocrx_word' id='word_1_295' title='bbox 1525 1966 1559 2003; x_wconf 86' lang='lat' dir='ltr'><strong>su</strong></span> <span class='ocrx_word' id='word_1_296' title='bbox 1578 1947 1663 2004; x_wconf 89' lang='lat' dir='ltr'><strong>d&#39;une</strong></span> <span class='ocrx_word' id='word_1_297' title='bbox 1676 1945 1793 2002; x_wconf 76' lang='lat' dir='ltr'><strong>maniire</strong></span> <span class='ocrx_word' id='word_1_298' title='bbox 1804 1964 1842 2018; x_wconf 83' lang='lat' dir='ltr'><strong>po</strong></span> 
     </span>
     <span class='ocr_line' id='line_1_25' title="bbox 1088 2035 1843 2113; baseline -0.008 -20"><span class='ocrx_word' id='word_1_299' title='bbox 1088 2039 1171 2093; x_wconf 86' lang='lat' dir='ltr'><strong>sitive</strong></span> <span class='ocrx_word' id='word_1_300' title='bbox 1186 2038 1256 2112; x_wconf 86' lang='lat' dir='ltr'><strong>qu’il</strong></span> <span class='ocrx_word' id='word_1_301' title='bbox 1272 2039 1339 2092; x_wconf 78' lang='lat' dir='ltr'><strong>etsit</strong></span> <span class='ocrx_word' id='word_1_302' title='bbox 1352 2035 1396 2093; x_wconf 88' lang='lat' dir='ltr'><strong>lils</strong></span> <span class='ocrx_word' id='word_1_303' title='bbox 1409 2037 1521 2113; x_wconf 75' lang='lat' dir='ltr'><strong>d’dnag</strong></span> <span class='ocrx_word' id='word_1_304' title='bbox 1537 2038 1563 2093; x_wconf 93' lang='lat' dir='ltr'><strong>le</strong></span> <span class='ocrx_word' id='word_1_305' title='bbox 1583 2038 1699 2107; x_wconf 84' lang='lat' dir='ltr'><strong>Partho,</strong></span> <span class='ocrx_word' id='word_1_306' title='bbox 1713 2035 1843 2091; x_wconf 87' lang='lat' dir='ltr'><strong>meurtrier</strong></span> 
     </span>
     <span class='ocr_line' id='line_1_26' title="bbox 1090 2124 1844 2201; baseline -0.005 -20"><span class='ocrx_word' id='word_1_307' title='bbox 1090 2127 1126 2191; x_wconf 88' lang='lat' dir='ltr'><strong>de</strong></span> <span class='ocrx_word' id='word_1_308' title='bbox 1141 2145 1194 2181; x_wconf 90' lang='lat' dir='ltr'><strong>son</strong></span> <span class='ocrx_word' id='word_1_309' title='bbox 1202 2125 1270 2201; x_wconf 74' lang='lat' dir='ltr'><strong>pere</strong></span> <span class='ocrx_word' id='word_1_310' title='bbox 1283 2125 1430 2198; x_wconf 71' lang='lat' dir='ltr'><strong>Clrosroes,</strong></span> <span class='ocrx_word' id='word_1_311' title='bbox 1444 2127 1575 2183; x_wconf 86' lang='lat' dir='ltr'><strong>ordonna</strong></span> <span class='ocrx_word' id='word_1_312' title='bbox 1588 2125 1677 2200; x_wconf 87' lang='lat' dir='ltr'><strong>qu&#39;on</strong></span> <span class='ocrx_word' id='word_1_313' title='bbox 1686 2126 1712 2181; x_wconf 88' lang='lat' dir='ltr'><strong>le</strong></span> <span class='ocrx_word' id='word_1_314' title='bbox 1724 2124 1844 2181; x_wconf 83' lang='lat' dir='ltr'><strong>conduisit</strong></span> 
     </span>
    </p>
   </div>
   <div class='ocr_carea' id='block_1_7' title="bbox 1087 2281 1846 2562">
    <p class='ocr_par' dir='ltr' id='par_1_12' title="bbox 1087 2281 1846 2562">
     <span class='ocr_line' id='line_1_27' title="bbox 1091 2281 1843 2348; baseline -0.003 -16"><span class='ocrx_word' id='word_1_315' title='bbox 1091 2284 1182 2334; x_wconf 84' lang='lat' dir='ltr'><strong>avertit</strong></span> <span class='ocrx_word' id='word_1_316' title='bbox 1197 2284 1212 2334; x_wconf 84' lang='lat' dir='ltr'><strong>t</strong></span> <span class='ocrx_word' id='word_1_317' title='bbox 1226 2296 1270 2334; x_wconf 89' lang='lat' dir='ltr'><strong>son</strong></span> <span class='ocrx_word' id='word_1_318' title='bbox 1282 2287 1340 2335; x_wconf 90' lang='lat' dir='ltr'><strong>tour</strong></span> <span class='ocrx_word' id='word_1_319' title='bbox 1352 2282 1474 2344; x_wconf 68' lang='lat' dir='ltr'><strong>lindam,</strong></span> <span class='ocrx_word' id='word_1_320' title='bbox 1492 2296 1540 2348; x_wconf 87' lang='lat' dir='ltr'><strong>que</strong></span> <span class='ocrx_word' id='word_1_321' title='bbox 1552 2282 1668 2348; x_wconf 74' lang='lat' dir='ltr'><strong>Grtgoire</strong></span> <span class='ocrx_word' id='word_1_322' title='bbox 1678 2283 1738 2333; x_wconf 80' lang='lat' dir='ltr'><strong>etait</strong></span> <span class='ocrx_word' id='word_1_323' title='bbox 1751 2282 1785 2331; x_wconf 83' lang='lat' dir='ltr'><strong>iila</strong></span> <span class='ocrx_word' id='word_1_324' title='bbox 1798 2281 1843 2330; x_wconf 78' lang='lat' dir='ltr'><strong>d&#39;l·</strong></span> 
     </span>
     <span class='ocr_line' id='line_1_28' title="bbox 1089 2354 1846 2420; baseline -0.005 -15"><span class='ocrx_word' id='word_1_325' title='bbox 1089 2369 1135 2419; x_wconf 82' lang='lat' dir='ltr'><strong>nag</strong></span> <span class='ocrx_word' id='word_1_326' title='bbox 1138 2392 1184 2406; x_wconf 85' lang='grc'><strong>.....</strong></span> <span class='ocrx_word' id='word_1_327' title='bbox 1207 2375 1219 2399; x_wconf 80' lang='grc' dir='ltr'>ν</span> <span class='ocrx_word' id='word_1_328' title='bbox 1245 2355 1327 2406; x_wconf 77' lang='lat' dir='ltr'><strong>zenob</strong></span> <span class='ocrx_word' id='word_1_329' title='bbox 1345 2354 1376 2406; x_wconf 88' lang='lat' dir='ltr'><strong>de</strong></span> <span class='ocrx_word' id='word_1_330' title='bbox 1389 2356 1463 2420; x_wconf 64' lang='lat' dir='ltr'><strong>(ilas,</strong></span> <span class='ocrx_word' id='word_1_331' title='bbox 1481 2357 1550 2406; x_wconf 80' lang='lat' dir='ltr'><strong>litat.</strong></span> <span class='ocrx_word' id='word_1_332' title='bbox 1575 2354 1607 2406; x_wconf 86' lang='lat' dir='ltr'><strong>de</strong></span> <span class='ocrx_word' id='word_1_333' title='bbox 1630 2357 1722 2405; x_wconf 79' lang='lat' dir='ltr'><strong>Darou</strong></span> <span class='ocrx_word' id='word_1_334' title='bbox 1744 2358 1752 2413; x_wconf 93' lang='grc'><strong>(</strong></span> <span class='ocrx_word' id='word_1_335' title='bbox 1763 2367 1809 2417; x_wconf 76' lang='lat' dir='ltr'><strong>pag.</strong></span> <span class='ocrx_word' id='word_1_336' title='bbox 1821 2356 1846 2402; x_wconf 84' lang='lat' dir='ltr'><strong>tt</strong></span> 
     </span>
     <span class='ocr_line' id='line_1_29' title="bbox 1087 2424 1846 2489; baseline -0.007 -13"><span class='ocrx_word' id='word_1_337' title='bbox 1087 2426 1119 2476; x_wconf 89' lang='lat' dir='ltr'><strong>de</strong></span> <span class='ocrx_word' id='word_1_338' title='bbox 1128 2425 1152 2475; x_wconf 86' lang='lat' dir='ltr'><strong>la</strong></span> <span class='ocrx_word' id='word_1_339' title='bbox 1165 2425 1229 2476; x_wconf 86' lang='lat' dir='ltr'><strong>trad.</strong></span> <span class='ocrx_word' id='word_1_340' title='bbox 1242 2426 1272 2476; x_wconf 84' lang='lat' dir='ltr'><strong>tr.</strong></span> <span class='ocrx_word' id='word_1_341' title='bbox 1282 2430 1300 2489; x_wconf 85' lang='lat'><strong>),</strong></span> <span class='ocrx_word' id='word_1_342' title='bbox 1316 2425 1354 2476; x_wconf 90' lang='lat' dir='ltr'><strong>dit</strong></span> <span class='ocrx_word' id='word_1_343' title='bbox 1365 2440 1397 2475; x_wconf 88' lang='lat' dir='ltr'><strong>au</strong></span> <span class='ocrx_word' id='word_1_344' title='bbox 1409 2426 1530 2476; x_wconf 83' lang='lat' dir='ltr'><strong>mntraire</strong></span> <span class='ocrx_word' id='word_1_345' title='bbox 1543 2439 1594 2489; x_wconf 86' lang='lat' dir='ltr'><strong>que</strong></span> <span class='ocrx_word' id='word_1_346' title='bbox 1607 2424 1717 2476; x_wconf 83' lang='lat' dir='ltr'><strong>Tiridate</strong></span> <span class='ocrx_word' id='word_1_347' title='bbox 1734 2424 1806 2488; x_wconf 87' lang='lat' dir='ltr'><strong>apprit</strong></span> <span class='ocrx_word' id='word_1_348' title='bbox 1824 2436 1846 2471; x_wconf 86' lang='lat' dir='ltr'><strong>re</strong></span> 
     </span>
     <span class='ocr_line' id='line_1_30' title="bbox 1088 2495 1845 2562; baseline -0.007 -15"><span class='ocrx_word' id='word_1_349' title='bbox 1088 2496 1133 2547; x_wconf 84' lang='lat' dir='ltr'><strong>init</strong></span> <span class='ocrx_word' id='word_1_350' title='bbox 1142 2496 1173 2547; x_wconf 91' lang='lat' dir='ltr'><strong>de</strong></span> <span class='ocrx_word' id='word_1_351' title='bbox 1181 2497 1206 2547; x_wconf 89' lang='lat' dir='ltr'><strong>la</strong></span> <span class='ocrx_word' id='word_1_352' title='bbox 1214 2496 1310 2548; x_wconf 76' lang='lat' dir='ltr'><strong>bouelte</strong></span> <span class='ocrx_word' id='word_1_353' title='bbox 1321 2516 1332 2541; x_wconf 80' lang='grc' dir='ltr'>ι</span> <span class='ocrx_word' id='word_1_354' title='bbox 1343 2496 1407 2547; x_wconf 90' lang='lat' dir='ltr'><strong>dela</strong></span> <span class='ocrx_word' id='word_1_355' title='bbox 1419 2510 1485 2547; x_wconf 81' lang='lat' dir='ltr'><strong>emur</strong></span> <span class='ocrx_word' id='word_1_356' title='bbox 1493 2496 1528 2547; x_wconf 87' lang='lat' dir='ltr'><strong>du</strong></span> <span class='ocrx_word' id='word_1_357' title='bbox 1539 2495 1668 2562; x_wconf 77' lang='lat' dir='ltr'><strong>beau-pere</strong></span> <span class='ocrx_word' id='word_1_358' title='bbox 1677 2496 1709 2547; x_wconf 88' lang='lat' dir='ltr'><strong>de</strong></span> <span class='ocrx_word' id='word_1_359' title='bbox 1716 2496 1820 2560; x_wconf 76' lang='lat' dir='ltr'><strong>Grtgoire</strong></span> <span class='ocrx_word' id='word_1_360' title='bbox 1828 2514 1845 2541; x_wconf 80' lang='grc' dir='ltr'><strong>ι.</strong></span> 
     </span>
    </p>
   </div>
   <div class='ocr_carea' id='block_1_8' title="bbox 1120 2694 1848 2762">
    <p class='ocr_par' dir='ltr' id='par_1_13' title="bbox 1120 2560 1897 2762">
     <span class='ocr_line' id='line_1_31' title="bbox 1120 2694 1848 2762; baseline -0.003 -14"><span class='ocrx_word' id='word_1_361' title='bbox 1120 2698 1134 2762; x_wconf 88' lang='lat'>§</span> <span class='ocrx_word' id='word_1_362' title='bbox 1151 2703 1189 2748; x_wconf 85' lang='lat'><strong>51.</strong></span> <span class='ocrx_word' id='word_1_363' title='bbox 1246 2700 1315 2747; x_wconf 84' lang='lat' dir='ltr'><strong>Tune</strong></span> <span class='ocrx_word' id='word_1_364' title='bbox 1325 2697 1402 2762; x_wconf 83' lang='lat' dir='ltr'><strong>jussit</strong></span> <span class='ocrx_word' id='word_1_365' title='bbox 1413 2711 1456 2747; x_wconf 82' lang='lat' dir='ltr'><strong>rex</strong></span> <span class='ocrx_word' id='word_1_366' title='bbox 1471 2697 1549 2749; x_wconf 84' lang='lat' dir='ltr'><strong>tibilia</strong></span> <span class='ocrx_word' id='word_1_367' title='bbox 1564 2698 1642 2748; x_wconf 80' lang='lat' dir='ltr'><strong>terrea</strong></span> <span class='ocrx_word' id='word_1_368' title='bbox 1655 2696 1746 2761; x_wconf 87' lang='lat' dir='ltr'><strong>imponi</strong></span> <span class='ocrx_word' id='word_1_369' title='bbox 1762 2694 1848 2761; x_wconf 74' lang='lat' dir='ltr'><strong>geuibm</strong></span> 
     </span>
    </p>
   </div>
   <div class='ocr_carea' id='block_1_9' title="bbox 259 2696 1847 2975">
    <p class='ocr_par' dir='ltr' id='par_1_14' title="bbox 259 2696 1847 2975">
     <span class='ocr_line' id='line_1_32' title="bbox 298 2696 1030 2780; baseline -0.008 -20"><span class='ocrx_word' id='word_1_370' title='bbox 298 2706 314 2780; x_wconf 86' lang='lat'>§</span> <span class='ocrx_word' id='word_1_371' title='bbox 337 2703 385 2764; x_wconf 81' lang='lat'><strong>51.</strong></span> <span class='ocrx_word' id='word_1_372' title='bbox 502 2700 556 2762; x_wconf 80' lang='grc' dir='ltr'>Καὶ</span> <span class='ocrx_word' id='word_1_373' title='bbox 571 2699 707 2759; x_wconf 78' lang='grc' dir='ltr'>ἐκέλευσεν</span> <span class='ocrx_word' id='word_1_374' title='bbox 720 2696 909 2779; x_wconf 81' lang='grc' dir='ltr'>περικνημῑδας</span> <span class='ocrx_word' id='word_1_375' title='bbox 921 2698 1030 2778; x_wconf 83' lang='grc' dir='ltr'>σιδηρᾶς</span> 
     </span>
     <span class='ocr_line' id='line_1_33' title="bbox 260 2782 1847 2871; baseline -0.011 -20"><span class='ocrx_word' id='word_1_376' title='bbox 260 2792 379 2871; x_wconf 78' lang='grc' dir='ltr'>γενέσθαι</span> <span class='ocrx_word' id='word_1_377' title='bbox 403 2793 437 2859; x_wconf 81' lang='grc' dir='ltr'><strong>εἰς</strong></span> <span class='ocrx_word' id='word_1_378' title='bbox 458 2790 492 2849; x_wconf 75' lang='grc' dir='ltr'><strong>τὰ</strong></span> <span class='ocrx_word' id='word_1_379' title='bbox 515 2790 611 2867; x_wconf 83' lang='grc' dir='ltr'>γόνατα</span> <span class='ocrx_word' id='word_1_380' title='bbox 635 2790 735 2863; x_wconf 80' lang='grc' dir='ltr'>αὐτοῦ,</span> <span class='ocrx_word' id='word_1_381' title='bbox 755 2786 801 2845; x_wconf 82' lang='grc' dir='ltr'><strong>καὶ</strong></span> <span class='ocrx_word' id='word_1_382' title='bbox 828 2782 915 2857; x_wconf 78' lang='grc' dir='ltr'>πῆξαι</span> <span class='ocrx_word' id='word_1_383' title='bbox 937 2792 1032 2864; x_wconf 82' lang='grc' dir='ltr'><strong>παχεῖς</strong></span> <span class='ocrx_word' id='word_1_384' title='bbox 1089 2802 1180 2868; x_wconf 57' lang='lat' dir='ltr'><strong>ipsius,</strong></span> <span class='ocrx_word' id='word_1_385' title='bbox 1211 2802 1328 2868; x_wconf 60' lang='lat' dir='ltr'><strong>infiglque</strong></span> <span class='ocrx_word' id='word_1_386' title='bbox 1351 2817 1443 2854; x_wconf 55' lang='lat' dir='ltr'><strong>euneos</strong></span> <span class='ocrx_word' id='word_1_387' title='bbox 1470 2817 1579 2864; x_wconf 37' lang='lat' dir='ltr'><strong>crassos„</strong></span> <span class='ocrx_word' id='word_1_388' title='bbox 1603 2816 1710 2867; x_wconf 57' lang='lat' dir='ltr'>eumque</span> <span class='ocrx_word' id='word_1_389' title='bbox 1734 2800 1847 2866; x_wconf 52' lang='lat' dir='ltr'><strong>suspendi,</strong></span> 
     </span>
     <span class='ocr_line' id='line_1_34' title="bbox 259 2864 1845 2975; baseline -0.006 -10"><span class='ocrx_word' id='word_1_390' title='bbox 259 2886 377 2962; x_wconf 53' lang='lat' dir='ltr'><strong>‘&#39;illm‘’</strong></span> <span class='ocrx_word' id='word_1_391' title='bbox 392 2880 437 2939; x_wconf 60' lang='grc' dir='ltr'><strong>καί</strong></span> <span class='ocrx_word' id='word_1_392' title='bbox 454 2879 637 2959; x_wconf 33' lang='lat' dir='ltr'><strong>&amp;midam</strong></span> <span class='ocrx_word' id='word_1_393' title='bbox 652 2878 748 2953; x_wconf 39' lang='grc' dir='ltr'><strong>αὐτῶν</strong></span> <span class='ocrx_word' id='word_1_394' title='bbox 760 2864 848 2942; x_wconf 57' lang='grc' dir='ltr'><strong>ίωίοῦ</strong></span> <span class='ocrx_word' id='word_1_395' title='bbox 863 2875 1034 2945; x_wconf 57' lang='grc' dir='ltr'>ἀπεσπάσθῗ·</span> <span class='ocrx_word' id='word_1_396' title='bbox 1088 2908 1167 2960; x_wconf 86' lang='lat' dir='ltr'><strong>doueo</strong></span> <span class='ocrx_word' id='word_1_397' title='bbox 1180 2908 1322 2975; x_wconf 77' lang='lat' dir='ltr'><strong>geuuaejus</strong></span> <span class='ocrx_word' id='word_1_398' title='bbox 1335 2909 1509 2961; x_wconf 78' lang='lat' dir='ltr'><strong>avellerentur.</strong></span> <span class='ocrx_word' id='word_1_399' title='bbox 1524 2909 1613 2960; x_wconf 79' lang='lat' dir='ltr'><strong>Mansit</strong></span> <span class='ocrx_word' id='word_1_400' title='bbox 1624 2913 1708 2960; x_wconf 86' lang='lat' dir='ltr'><strong>autern</strong></span> <span class='ocrx_word' id='word_1_401' title='bbox 1719 2908 1793 2959; x_wconf 88' lang='lat' dir='ltr'><strong>tribus</strong></span> <span class='ocrx_word' id='word_1_402' title='bbox 1802 2907 1845 2957; x_wconf 88' lang='lat' dir='ltr'><strong>die·</strong></span> 
     </span>
    </p>
   </div>
   <div class='ocr_carea' id='block_1_10' title="bbox 258 2961 1037 4910">
    <p class='ocr_par' dir='ltr' id='par_1_15' title="bbox 259 2961 1032 3225">
     <span class='ocr_line' id='line_1_35' title="bbox 259 2961 1032 3046; baseline -0.013 -17"><span class='ocrx_word' id='word_1_403' title='bbox 259 2968 354 3029; x_wconf 79' lang='grc' dir='ltr'>σαντδ</span> <span class='ocrx_word' id='word_1_404' title='bbox 368 2968 467 3046; x_wconf 86' lang='grc' dir='ltr'>γόνατα</span> <span class='ocrx_word' id='word_1_405' title='bbox 483 2970 572 3027; x_wconf 79' lang='grc' dir='ltr'>αὐτοῦ.</span> <span class='ocrx_word' id='word_1_406' title='bbox 591 2966 716 3043; x_wconf 82' lang='grc' dir='ltr'>Ἔμεινεν</span> <span class='ocrx_word' id='word_1_407' title='bbox 728 2963 755 3023; x_wconf 78' lang='grc' dir='ltr'><strong>δὲ</strong></span> <span class='ocrx_word' id='word_1_408' title='bbox 774 2963 843 3045; x_wconf 81' lang='grc' dir='ltr'>τρεῖς</span> <span class='ocrx_word' id='word_1_409' title='bbox 854 2961 956 3041; x_wconf 79' lang='grc' dir='ltr'>ἡμέρας</span> <span class='ocrx_word' id='word_1_410' title='bbox 969 2985 1032 3041; x_wconf 90' lang='grc' dir='ltr'>κρε-</span> 
     </span>
     <span class='ocr_line' id='line_1_36' title="bbox 261 3049 1032 3137; baseline -0.013 -21"><span class='ocrx_word' id='word_1_411' title='bbox 261 3058 385 3136; x_wconf 82' lang='grc' dir='ltr'>μάμενος.</span> <span class='ocrx_word' id='word_1_412' title='bbox 400 3057 452 3116; x_wconf 81' lang='grc' dir='ltr'>Καί</span> <span class='ocrx_word' id='word_1_413' title='bbox 465 3060 497 3137; x_wconf 83' lang='grc' dir='ltr'><strong>τῇ</strong></span> <span class='ocrx_word' id='word_1_414' title='bbox 512 3056 587 3136; x_wconf 79' lang='grc' dir='ltr'>τρίτη</span> <span class='ocrx_word' id='word_1_415' title='bbox 600 3052 689 3134; x_wconf 70' lang='grc' dir='ltr'>ἡμέρα</span> <span class='ocrx_word' id='word_1_416' title='bbox 700 3050 902 3131; x_wconf 71' lang='grc' dir='ltr'>κατενέγκαντες</span> <span class='ocrx_word' id='word_1_417' title='bbox 916 3049 1032 3123; x_wconf 80' lang='grc' dir='ltr'>ἔστησαν</span> 
     </span>
     <span class='ocr_line' id='line_1_37' title="bbox 259 3144 765 3225; baseline -0.004 -20"><span class='ocrx_word' id='word_1_418' title='bbox 259 3146 335 3205; x_wconf 82' lang='grc' dir='ltr'>αὐτὸν</span> <span class='ocrx_word' id='word_1_419' title='bbox 350 3144 498 3225; x_wconf 77' lang='grc' dir='ltr'>ἔμπροσθεν</span> <span class='ocrx_word' id='word_1_420' title='bbox 508 3151 553 3204; x_wconf 81' lang='grc' dir='ltr'><strong>τοῦ</strong></span> <span class='ocrx_word' id='word_1_421' title='bbox 570 3146 698 3225; x_wconf 82' lang='grc' dir='ltr'>βασιλέως</span> <span class='ocrx_word' id='word_1_422' title='bbox 701 3187 765 3204; x_wconf 85' lang='grc'><strong>......</strong></span> 
     </span>
    </p>

    <p class='ocr_par' dir='ltr' id='par_1_16' title="bbox 258 3228 1037 3668">
     <span class='ocr_line' id='line_1_38' title="bbox 298 3228 1033 3313; baseline -0.012 -19"><span class='ocrx_word' id='word_1_423' title='bbox 298 3237 316 3313; x_wconf 70' lang='lat' dir='ltr'>S</span> <span class='ocrx_word' id='word_1_424' title='bbox 339 3236 388 3294; x_wconf 83' lang='lat'><strong>53.</strong></span> <span class='ocrx_word' id='word_1_425' title='bbox 409 3280 468 3296; x_wconf 89' lang='grc'><strong>.....</strong></span> <span class='ocrx_word' id='word_1_426' title='bbox 488 3235 541 3294; x_wconf 80' lang='grc' dir='ltr'>Καὶ</span> <span class='ocrx_word' id='word_1_427' title='bbox 565 3234 699 3293; x_wconf 59' lang='lat' dir='ltr'><strong>{estruem</strong></span> <span class='ocrx_word' id='word_1_428' title='bbox 721 3234 833 3302; x_wconf 82' lang='grc' dir='ltr'><strong>λυθῆναι</strong></span> <span class='ocrx_word' id='word_1_429' title='bbox 857 3228 988 3305; x_wconf 68' lang='lat' dir='ltr'><strong>pilatum</strong></span> <span class='ocrx_word' id='word_1_430' title='bbox 1007 3229 1033 3286; x_wconf 76' lang='grc' dir='ltr'>ἐν</span> 
     </span>
     <span class='ocr_line' id='line_1_39' title="bbox 258 3316 1035 3403; baseline -0.008 -20"><span class='ocrx_word' id='word_1_431' title='bbox 258 3324 351 3396; x_wconf 80' lang='grc' dir='ltr'>λε’ύητι</span> <span class='ocrx_word' id='word_1_432' title='bbox 366 3325 479 3403; x_wconf 77' lang='grc' dir='ltr'>σιδηρῷ,</span> <span class='ocrx_word' id='word_1_433' title='bbox 498 3323 543 3380; x_wconf 85' lang='grc' dir='ltr'><strong>καί</strong></span> <span class='ocrx_word' id='word_1_434' title='bbox 564 3320 602 3379; x_wconf 84' lang='grc' dir='ltr'><strong>ἔτι</strong></span> <span class='ocrx_word' id='word_1_435' title='bbox 617 3319 725 3389; x_wconf 83' lang='grc' dir='ltr'>ζέουσαν</span> <span class='ocrx_word' id='word_1_436' title='bbox 745 3318 886 3396; x_wconf 79' lang='grc' dir='ltr'>καταχέειν</span> <span class='ocrx_word' id='word_1_437' title='bbox 901 3316 970 3376; x_wconf 74' lang='grc' dir='ltr'>κατὰ</span> <span class='ocrx_word' id='word_1_438' title='bbox 989 3324 1035 3377; x_wconf 72' lang='grc' dir='ltr'><strong>τοῦ</strong></span> 
     </span>
     <span class='ocr_line' id='line_1_40' title="bbox 260 3405 1035 3487; baseline -0.012 -14"><span class='ocrx_word' id='word_1_439' title='bbox 260 3413 389 3487; x_wconf 84' lang='grc' dir='ltr'>στόματος</span> <span class='ocrx_word' id='word_1_440' title='bbox 398 3413 477 3469; x_wconf 79' lang='grc' dir='ltr'>αὐτοῦ</span> <span class='ocrx_word' id='word_1_441' title='bbox 488 3411 532 3468; x_wconf 82' lang='grc' dir='ltr'><strong>καὶ</strong></span> <span class='ocrx_word' id='word_1_442' title='bbox 547 3408 604 3467; x_wconf 75' lang='grc' dir='ltr'>καθ’</span> <span class='ocrx_word' id='word_1_443' title='bbox 616 3405 676 3466; x_wconf 79' lang='grc' dir='ltr'>ὅλον</span> <span class='ocrx_word' id='word_1_444' title='bbox 687 3408 717 3465; x_wconf 84' lang='grc' dir='ltr'><strong>τὸ</strong></span> <span class='ocrx_word' id='word_1_445' title='bbox 730 3411 808 3481; x_wconf 85' lang='grc' dir='ltr'>σῶμα</span> <span class='ocrx_word' id='word_1_446' title='bbox 821 3408 909 3467; x_wconf 79' lang='grc' dir='ltr'>αὐτοῦ.</span> <span class='ocrx_word' id='word_1_447' title='bbox 926 3408 979 3466; x_wconf 82' lang='grc' dir='ltr'>Καὶ</span> <span class='ocrx_word' id='word_1_448' title='bbox 988 3407 1035 3464; x_wconf 81' lang='grc' dir='ltr'>οὐκ</span> 
     </span>
     <span class='ocr_line' id='line_1_41' title="bbox 261 3490 1037 3576; baseline -0.013 -15"><span class='ocrx_word' id='word_1_449' title='bbox 261 3501 399 3573; x_wconf 78' lang='grc' dir='ltr'>ἀπέθανεν,</span> <span class='ocrx_word' id='word_1_450' title='bbox 412 3497 470 3558; x_wconf 81' lang='grc' dir='ltr'>ἀλλ’</span> <span class='ocrx_word' id='word_1_451' title='bbox 485 3496 524 3557; x_wconf 82' lang='grc' dir='ltr'><strong>ἔτι</strong></span> <span class='ocrx_word' id='word_1_452' title='bbox 533 3496 602 3576; x_wconf 81' lang='grc' dir='ltr'>ἔχων</span> <span class='ocrx_word' id='word_1_453' title='bbox 617 3497 743 3573; x_wconf 77' lang='grc' dir='ltr'>δύναμιν,</span> <span class='ocrx_word' id='word_1_454' title='bbox 760 3499 786 3555; x_wconf 79' lang='grc' dir='ltr'>ἐν</span> <span class='ocrx_word' id='word_1_455' title='bbox 799 3496 837 3573; x_wconf 79' lang='grc' dir='ltr'><strong>τῷ</strong></span> <span class='ocrx_word' id='word_1_456' title='bbox 847 3490 1037 3575; x_wconf 66' lang='lat' dir='ltr'><strong>impuritates</strong></span> 
     </span>
     <span class='ocr_line' id='line_1_42' title="bbox 261 3586 706 3668; baseline -0.018 -20"><span class='ocrx_word' id='word_1_457' title='bbox 261 3592 420 3668; x_wconf 78' lang='grc' dir='ltr'>ἁπεκρίνατο</span> <span class='ocrx_word' id='word_1_458' title='bbox 437 3590 462 3646; x_wconf 78' lang='grc' dir='ltr'>ἐν</span> <span class='ocrx_word' id='word_1_459' title='bbox 476 3586 551 3663; x_wconf 80' lang='grc' dir='ltr'>τάχει</span> <span class='ocrx_word' id='word_1_460' title='bbox 554 3628 613 3645; x_wconf 89' lang='grc'><strong>.....</strong></span> <span class='ocrx_word' id='word_1_461' title='bbox 700 3616 706 3625; x_wconf 76' lang='lat'><em>=</em></span> 
     </span>
    </p>

    <p class='ocr_par' dir='ltr' id='par_1_17' title="bbox 260 3671 1036 4910">
     <span class='ocr_line' id='line_1_43' title="bbox 299 3671 1034 3754; baseline -0.01 -19"><span class='ocrx_word' id='word_1_462' title='bbox 299 3679 316 3754; x_wconf 75' lang='lat' dir='ltr'><strong>S</strong></span> <span class='ocrx_word' id='word_1_463' title='bbox 338 3676 388 3745; x_wconf 74' lang='lat'><strong>54.</strong></span> <span class='ocrx_word' id='word_1_464' title='bbox 412 3674 465 3735; x_wconf 82' lang='grc' dir='ltr'>Καί</span> <span class='ocrx_word' id='word_1_465' title='bbox 477 3677 512 3739; x_wconf 86' lang='grc' dir='ltr'>ὡς</span> <span class='ocrx_word' id='word_1_466' title='bbox 526 3672 565 3731; x_wconf 87' lang='grc' dir='ltr'><strong>ἔτι</strong></span> <span class='ocrx_word' id='word_1_467' title='bbox 583 3671 724 3731; x_wconf 80' lang='grc' dir='ltr'>ἐσκέπτετο</span> <span class='ocrx_word' id='word_1_468' title='bbox 735 3671 901 3749; x_wconf 83' lang='grc' dir='ltr'>Τηρηδάτιος</span> <span class='ocrx_word' id='word_1_469' title='bbox 918 3671 1034 3740; x_wconf 78' lang='grc' dir='ltr'>λαλῆσαι</span> 
     </span>
     <span class='ocr_line' id='line_1_44' title="bbox 261 3757 1034 3845; baseline -0.016 -19"><span class='ocrx_word' id='word_1_470' title='bbox 261 3769 332 3845; x_wconf 80' lang='grc' dir='ltr'>αὐτῷ</span> <span class='ocrx_word' id='word_1_471' title='bbox 342 3765 466 3836; x_wconf 76' lang='grc' dir='ltr'>ἁπαλῶς,</span> <span class='ocrx_word' id='word_1_472' title='bbox 478 3761 523 3820; x_wconf 81' lang='grc' dir='ltr'><strong>καί</strong></span> <span class='ocrx_word' id='word_1_473' title='bbox 538 3763 656 3831; x_wconf 84' lang='grc' dir='ltr'>δηλῶσαι</span> <span class='ocrx_word' id='word_1_474' title='bbox 669 3759 714 3819; x_wconf 79' lang='grc' dir='ltr'><strong>καί</strong></span> <span class='ocrx_word' id='word_1_475' title='bbox 730 3760 940 3838; x_wconf 77' lang='grc' dir='ltr'>ἐπαγγείλασθαι</span> <span class='ocrx_word' id='word_1_476' title='bbox 953 3757 1034 3838; x_wconf 67' lang='lat' dir='ltr'><strong>betp-</strong></span> 
     </span>
     <span class='ocr_line' id='line_1_45' title="bbox 264 3838 1035 3928; baseline -0.013 -15"><span class='ocrx_word' id='word_1_477' title='bbox 264 3856 313 3924; x_wconf 80' lang='grc' dir='ltr'>ξεις</span> <span class='ocrx_word' id='word_1_478' title='bbox 325 3854 370 3912; x_wconf 83' lang='grc' dir='ltr'><strong>καί</strong></span> <span class='ocrx_word' id='word_1_479' title='bbox 384 3851 472 3928; x_wconf 76' lang='grc' dir='ltr'>τιμάς,</span> <span class='ocrx_word' id='word_1_480' title='bbox 489 3838 530 3916; x_wconf 80' lang='grc' dir='ltr'><strong>αἶς</strong></span> <span class='ocrx_word' id='word_1_481' title='bbox 544 3852 591 3909; x_wconf 84' lang='grc' dir='ltr'>ούκ</span> <span class='ocrx_word' id='word_1_482' title='bbox 604 3847 713 3926; x_wconf 81' lang='grc' dir='ltr'>ἔμελλεν</span> <span class='ocrx_word' id='word_1_483' title='bbox 726 3847 876 3917; x_wconf 81' lang='grc' dir='ltr'>ὑπακούειν,</span> <span class='ocrx_word' id='word_1_484' title='bbox 889 3846 1035 3926; x_wconf 83' lang='grc' dir='ltr'>λογισάμε-</span> 
     </span>
     <span class='ocr_line' id='line_1_46' title="bbox 260 3938 1034 4017; baseline -0.013 -14"><span class='ocrx_word' id='word_1_485' title='bbox 260 3968 301 4010; x_wconf 89' lang='grc' dir='ltr'><strong>νος</strong></span> <span class='ocrx_word' id='word_1_486' title='bbox 315 3946 364 4015; x_wconf 70' lang='lat' dir='ltr'><strong>be,</strong></span> <span class='ocrx_word' id='word_1_487' title='bbox 377 3943 400 3999; x_wconf 81' lang='grc' dir='ltr'><strong>εἰ</strong></span> <span class='ocrx_word' id='word_1_488' title='bbox 415 3940 453 4017; x_wconf 82' lang='grc' dir='ltr'><strong>μὴ</strong></span> <span class='ocrx_word' id='word_1_489' title='bbox 465 3939 571 4005; x_wconf 84' lang='grc' dir='ltr'>ταύταις</span> <span class='ocrx_word' id='word_1_490' title='bbox 583 3938 721 4011; x_wconf 87' lang='grc' dir='ltr'>πεισθείη,</span> <span class='ocrx_word' id='word_1_491' title='bbox 734 3944 884 4015; x_wconf 82' lang='grc' dir='ltr'>προσθεῖναι</span> <span class='ocrx_word' id='word_1_492' title='bbox 903 3938 975 4016; x_wconf 79' lang='grc' dir='ltr'>αὐτῷ</span> <span class='ocrx_word' id='word_1_493' title='bbox 988 3940 1034 4015; x_wconf 85' lang='grc' dir='ltr'>βα·</span> 
     </span>
     <span class='ocr_line' id='line_1_47' title="bbox 261 4016 1033 4108; baseline -0.01 -17"><span class='ocrx_word' id='word_1_494' title='bbox 261 4034 353 4096; x_wconf 86' lang='grc' dir='ltr'>σάνους</span> <span class='ocrx_word' id='word_1_495' title='bbox 364 4030 409 4087; x_wconf 82' lang='grc' dir='ltr'><strong>καί</strong></span> <span class='ocrx_word' id='word_1_496' title='bbox 422 4032 457 4095; x_wconf 81' lang='grc' dir='ltr'><strong>εἰς</strong></span> <span class='ocrx_word' id='word_1_497' title='bbox 467 4026 558 4108; x_wconf 80' lang='grc' dir='ltr'>χρόνον</span> <span class='ocrx_word' id='word_1_498' title='bbox 570 4026 698 4087; x_wconf 75' lang='grc' dir='ltr'>κολάσαι·</span> <span class='ocrx_word' id='word_1_499' title='bbox 715 4026 769 4086; x_wconf 70' lang='lat' dir='ltr'><strong>teob</strong></span> <span class='ocrx_word' id='word_1_500' title='bbox 781 4016 816 4092; x_wconf 75' lang='lat' dir='ltr'><strong>ei&lt;</strong></span> <span class='ocrx_word' id='word_1_501' title='bbox 827 4030 879 4084; x_wconf 82' lang='grc' dir='ltr'><strong>τῶν</strong></span> <span class='ocrx_word' id='word_1_502' title='bbox 893 4029 1033 4105; x_wconf 78' lang='grc' dir='ltr'>σατραπῶν</span> 
     </span>
     <span class='ocr_line' id='line_1_48' title="bbox 261 4114 1034 4201; baseline -0.013 -21"><span class='ocrx_word' id='word_1_503' title='bbox 261 4120 437 4201; x_wconf 77' lang='grc' dir='ltr'>προσέρχεται</span> <span class='ocrx_word' id='word_1_504' title='bbox 451 4122 489 4198; x_wconf 78' lang='grc' dir='ltr'><strong>τῷ</strong></span> <span class='ocrx_word' id='word_1_505' title='bbox 504 4117 622 4197; x_wconf 86' lang='grc' dir='ltr'>βασιλεῖ,</span> <span class='ocrx_word' id='word_1_506' title='bbox 637 4115 683 4174; x_wconf 81' lang='grc' dir='ltr'><strong>καί</strong></span> <span class='ocrx_word' id='word_1_507' title='bbox 694 4114 836 4194; x_wconf 75' lang='grc' dir='ltr'>ἀρξάμενος</span> <span class='ocrx_word' id='word_1_508' title='bbox 846 4116 935 4174; x_wconf 86' lang='grc' dir='ltr'>λαλεῖν</span> <span class='ocrx_word' id='word_1_509' title='bbox 948 4115 1034 4193; x_wconf 84' lang='grc' dir='ltr'>αύτῷ,</span> 
     </span>
     <span class='ocr_line' id='line_1_49' title="bbox 261 4202 1034 4285; baseline -0.016 -16"><span class='ocrx_word' id='word_1_510' title='bbox 261 4210 308 4270; x_wconf 83' lang='grc' dir='ltr'><strong>καὶ</strong></span> <span class='ocrx_word' id='word_1_511' title='bbox 333 4205 437 4278; x_wconf 75' lang='grc' dir='ltr'>διδάξαι</span> <span class='ocrx_word' id='word_1_512' title='bbox 455 4215 544 4264; x_wconf 78' lang='grc' dir='ltr'>πᾶσαν</span> <span class='ocrx_word' id='word_1_513' title='bbox 560 4205 607 4274; x_wconf 77' lang='grc' dir='ltr'><strong>τὴν</strong></span> <span class='ocrx_word' id='word_1_514' title='bbox 623 4203 776 4283; x_wconf 80' lang='grc' dir='ltr'>ἀκρίύειαν,</span> <span class='ocrx_word' id='word_1_515' title='bbox 793 4203 841 4274; x_wconf 72' lang='grc' dir='ltr'><strong>τὴν</strong></span> <span class='ocrx_word' id='word_1_516' title='bbox 859 4202 919 4285; x_wconf 82' lang='grc' dir='ltr'>περί</span> <span class='ocrx_word' id='word_1_517' title='bbox 945 4203 1034 4277; x_wconf 79' lang='grc' dir='ltr'>αὐτὸν,</span> 
     </span>
     <span class='ocr_line' id='line_1_50' title="bbox 260 4291 1036 4379; baseline -0.013 -22"><span class='ocrx_word' id='word_1_518' title='bbox 260 4297 311 4379; x_wconf 65' lang='grc' dir='ltr'><strong>ἔφη</strong></span> <span class='ocrx_word' id='word_1_519' title='bbox 321 4322 328 4335; x_wconf 89' lang='grc'><em>·</em></span> <span class='ocrx_word' id='word_1_520' title='bbox 339 4299 397 4358; x_wconf 85' lang='grc' dir='ltr'>Ούκ</span> <span class='ocrx_word' id='word_1_521' title='bbox 409 4295 507 4364; x_wconf 75' lang='grc' dir='ltr'>ἔξεστιν</span> <span class='ocrx_word' id='word_1_522' title='bbox 521 4292 600 4352; x_wconf 81' lang='grc' dir='ltr'>αύτδν</span> <span class='ocrx_word' id='word_1_523' title='bbox 611 4296 666 4372; x_wconf 79' lang='grc' dir='ltr'>ζῇν·</span> <span class='ocrx_word' id='word_1_524' title='bbox 682 4292 725 4351; x_wconf 78' lang='grc' dir='ltr'><strong>διδ</strong></span> <span class='ocrx_word' id='word_1_525' title='bbox 733 4296 808 4350; x_wconf 82' lang='grc' dir='ltr'>τοῦτο</span> <span class='ocrx_word' id='word_1_526' title='bbox 815 4293 844 4350; x_wconf 88' lang='grc' dir='ltr'><strong>ού</strong></span> <span class='ocrx_word' id='word_1_527' title='bbox 855 4292 923 4351; x_wconf 59' lang='lat' dir='ltr'><strong>bebai</strong></span> <span class='ocrx_word' id='word_1_528' title='bbox 938 4291 969 4350; x_wconf 87' lang='grc' dir='ltr'><strong>τδ</strong></span> <span class='ocrx_word' id='word_1_529' title='bbox 983 4293 1036 4371; x_wconf 78' lang='grc' dir='ltr'>φῶς</span> 
     </span>
     <span class='ocr_line' id='line_1_51' title="bbox 260 4379 1036 4461; baseline -0.014 -13"><span class='ocrx_word' id='word_1_530' title='bbox 260 4389 338 4460; x_wconf 79' lang='grc' dir='ltr'>ἰδεῖν,</span> <span class='ocrx_word' id='word_1_531' title='bbox 354 4385 413 4446; x_wconf 81' lang='grc' dir='ltr'>οὔτε</span> <span class='ocrx_word' id='word_1_532' title='bbox 426 4387 573 4456; x_wconf 80' lang='grc' dir='ltr'>ἐλεηθῆναι.</span> <span class='ocrx_word' id='word_1_533' title='bbox 592 4384 724 4446; x_wconf 78' lang='grc' dir='ltr'>Τοσοῦτος</span> <span class='ocrx_word' id='word_1_534' title='bbox 740 4379 791 4461; x_wconf 73' lang='grc' dir='ltr'><strong>γάρ</strong></span> <span class='ocrx_word' id='word_1_535' title='bbox 806 4380 911 4458; x_wconf 82' lang='grc' dir='ltr'>χρόνος,</span> <span class='ocrx_word' id='word_1_536' title='bbox 925 4380 971 4439; x_wconf 84' lang='grc' dir='ltr'><strong>καί</strong></span> <span class='ocrx_word' id='word_1_537' title='bbox 989 4382 1036 4439; x_wconf 87' lang='grc' dir='ltr'>ούκ</span> 
     </span>
     <span class='ocr_line' id='line_1_52' title="bbox 261 4461 1035 4555; baseline -0.016 -18"><span class='ocrx_word' id='word_1_538' title='bbox 261 4477 377 4555; x_wconf 75' lang='grc' dir='ltr'>ἔγνωμεν</span> <span class='ocrx_word' id='word_1_539' title='bbox 392 4472 481 4535; x_wconf 78' lang='grc' dir='ltr'>αὐτόν.</span> <span class='ocrx_word' id='word_1_540' title='bbox 496 4472 566 4533; x_wconf 77' lang='grc' dir='ltr'>Ἀλλ’</span> <span class='ocrx_word' id='word_1_541' title='bbox 576 4461 648 4539; x_wconf 77' lang='grc' dir='ltr'>ούτύς</span> <span class='ocrx_word' id='word_1_542' title='bbox 658 4472 727 4530; x_wconf 78' lang='grc' dir='ltr'>ἐστιν</span> <span class='ocrx_word' id='word_1_543' title='bbox 737 4470 789 4533; x_wconf 83' lang='grc' dir='ltr'>υίὸς</span> <span class='ocrx_word' id='word_1_544' title='bbox 800 4465 883 4527; x_wconf 84' lang='grc' dir='ltr'>Ἄνακ</span> <span class='ocrx_word' id='word_1_545' title='bbox 894 4473 939 4527; x_wconf 77' lang='grc' dir='ltr'><strong>τοῦ</strong></span> <span class='ocrx_word' id='word_1_546' title='bbox 954 4492 1035 4526; x_wconf 90' lang='grc' dir='ltr'>κατα-</span> 
     </span>
     <span class='ocr_line' id='line_1_53' title="bbox 261 4557 1034 4645; baseline -0.014 -20"><span class='ocrx_word' id='word_1_547' title='bbox 261 4567 348 4640; x_wconf 89' lang='grc' dir='ltr'>δίκου,</span> <span class='ocrx_word' id='word_1_548' title='bbox 363 4571 408 4625; x_wconf 83' lang='grc' dir='ltr'><strong>τοῦ</strong></span> <span class='ocrx_word' id='word_1_549' title='bbox 426 4560 626 4645; x_wconf 53' lang='grc' dir='ltr'>ἀποκτείναντος</span> <span class='ocrx_word' id='word_1_550' title='bbox 643 4561 687 4620; x_wconf 83' lang='grc' dir='ltr'><strong>τὸν</strong></span> <span class='ocrx_word' id='word_1_551' title='bbox 705 4558 749 4618; x_wconf 86' lang='grc' dir='ltr'>σδν</span> <span class='ocrx_word' id='word_1_552' title='bbox 765 4557 867 4636; x_wconf 75' lang='grc' dir='ltr'>πατέρα</span> <span class='ocrx_word' id='word_1_553' title='bbox 882 4558 1034 4635; x_wconf 82' lang='grc' dir='ltr'>Κουσαρῶ,</span> 
     </span>
     <span class='ocr_line' id='line_1_54' title="bbox 261 4644 1036 4729; baseline -0.013 -16"><span class='ocrx_word' id='word_1_554' title='bbox 261 4656 306 4713; x_wconf 85' lang='grc' dir='ltr'><strong>καί</strong></span> <span class='ocrx_word' id='word_1_555' title='bbox 320 4654 479 4726; x_wconf 79' lang='grc' dir='ltr'>ποιήσαντος</span> <span class='ocrx_word' id='word_1_556' title='bbox 501 4652 591 4718; x_wconf 88' lang='grc' dir='ltr'>σκότος</span> <span class='ocrx_word' id='word_1_557' title='bbox 610 4651 707 4729; x_wconf 74' lang='grc' dir='ltr'>τῇτιῒιν</span> <span class='ocrx_word' id='word_1_558' title='bbox 722 4646 863 4724; x_wconf 79' lang='grc' dir='ltr'>Ἀρμενίων</span> <span class='ocrx_word' id='word_1_559' title='bbox 877 4644 969 4725; x_wconf 72' lang='grc' dir='ltr'>χώρᾳ,</span> <span class='ocrx_word' id='word_1_560' title='bbox 991 4645 1036 4705; x_wconf 86' lang='grc' dir='ltr'><strong>καί</strong></span> 
     </span>
     <span class='ocr_line' id='line_1_55' title="bbox 261 4734 1033 4822; baseline -0.014 -20"><span class='ocrx_word' id='word_1_561' title='bbox 261 4746 297 4810; x_wconf 78' lang='grc' dir='ltr'><strong>εἰς</strong></span> <span class='ocrx_word' id='word_1_562' title='bbox 310 4743 416 4822; x_wconf 81' lang='grc' dir='ltr'>ὄλεθρον</span> <span class='ocrx_word' id='word_1_563' title='bbox 432 4741 596 4821; x_wconf 86' lang='grc' dir='ltr'>παραδόντος</span> <span class='ocrx_word' id='word_1_564' title='bbox 615 4738 662 4810; x_wconf 83' lang='grc' dir='ltr'><strong>τὴν</strong></span> <span class='ocrx_word' id='word_1_565' title='bbox 677 4742 726 4814; x_wconf 70' lang='grc' dir='ltr'>γῆν</span> <span class='ocrx_word' id='word_1_566' title='bbox 748 4734 861 4807; x_wconf 87' lang='grc' dir='ltr'>ταύτην,</span> <span class='ocrx_word' id='word_1_567' title='bbox 875 4734 919 4792; x_wconf 83' lang='grc' dir='ltr'><strong>καὶ</strong></span> <span class='ocrx_word' id='word_1_568' title='bbox 937 4736 973 4800; x_wconf 84' lang='grc' dir='ltr'><strong>εἷς</strong></span> <span class='ocrx_word' id='word_1_569' title='bbox 995 4736 1033 4792; x_wconf 86' lang='grc' dir='ltr'>αἶ·</span> 
     </span>
     <span class='ocr_line' id='line_1_56' title="bbox 260 4820 1035 4910; baseline -0.015 -19"><span class='ocrx_word' id='word_1_570' title='bbox 260 4832 428 4910; x_wconf 84' lang='grc' dir='ltr'>χμαλωσίαν.</span> <span class='ocrx_word' id='word_1_571' title='bbox 444 4833 501 4892; x_wconf 80' lang='grc' dir='ltr'>Νῦν</span> <span class='ocrx_word' id='word_1_572' title='bbox 515 4820 560 4889; x_wconf 67' lang='grc' dir='ltr'>οὖν</span> <span class='ocrx_word' id='word_1_573' title='bbox 575 4830 604 4887; x_wconf 80' lang='grc' dir='ltr'><strong>εὖ</strong></span> <span class='ocrx_word' id='word_1_574' title='bbox 619 4825 673 4907; x_wconf 72' lang='grc' dir='ltr'><strong>χρδΙ</strong></span> <span class='ocrx_word' id='word_1_575' title='bbox 686 4823 764 4885; x_wconf 77' lang='grc' dir='ltr'>αὐτὸν</span> <span class='ocrx_word' id='word_1_576' title='bbox 779 4827 841 4903; x_wconf 81' lang='grc' dir='ltr'>ζῇν·</span> <span class='ocrx_word' id='word_1_577' title='bbox 855 4822 908 4888; x_wconf 81' lang='grc' dir='ltr'>υίὸς</span> <span class='ocrx_word' id='word_1_578' title='bbox 927 4824 977 4901; x_wconf 81' lang='grc' dir='ltr'><strong>γὰρ</strong></span> <span class='ocrx_word' id='word_1_579' title='bbox 993 4825 1035 4881; x_wconf 84' lang='grc' dir='ltr'>ἐκ·</span> 
     </span>
    </p>
   </div>
   <div class='ocr_carea' id='block_1_11' title="bbox 1089 3013 1848 3079">
    <p class='ocr_par' dir='ltr' id='par_1_18' title="bbox 1089 3013 1848 3079">
     <span class='ocr_line' id='line_1_57' title="bbox 1089 3013 1848 3079; baseline -0.005 -14"><span class='ocrx_word' id='word_1_580' title='bbox 1089 3016 1136 3066; x_wconf 89' lang='lat' dir='ltr'><strong>bus</strong></span> <span class='ocrx_word' id='word_1_581' title='bbox 1148 3028 1294 3079; x_wconf 86' lang='lat' dir='ltr'><strong>suspemns,</strong></span> <span class='ocrx_word' id='word_1_582' title='bbox 1309 3018 1335 3066; x_wconf 88' lang='lat' dir='ltr'><strong>et</strong></span> <span class='ocrx_word' id='word_1_583' title='bbox 1348 3015 1389 3065; x_wconf 89' lang='lat' dir='ltr'><strong>die</strong></span> <span class='ocrx_word' id='word_1_584' title='bbox 1404 3013 1477 3066; x_wconf 86' lang='lat' dir='ltr'><strong>tertia</strong></span> <span class='ocrx_word' id='word_1_585' title='bbox 1498 3014 1666 3079; x_wconf 84' lang='lat' dir='ltr'><strong>deposuerunt</strong></span> <span class='ocrx_word' id='word_1_586' title='bbox 1684 3018 1709 3065; x_wconf 88' lang='lat' dir='ltr'><strong>et</strong></span> <span class='ocrx_word' id='word_1_587' title='bbox 1727 3017 1848 3066; x_wconf 83' lang='lat' dir='ltr'><strong>statuerunt</strong></span> 
     </span>
    </p>
   </div>
   <div class='ocr_carea' id='block_1_12' title="bbox 1082 3134 1296 3190">
    <p class='ocr_par' dir='ltr' id='par_1_19' title="bbox 1082 3134 1296 3190">
     <span class='ocr_line' id='line_1_58' title="bbox 1082 3134 1296 3190; baseline 0 -15"><span class='ocrx_word' id='word_1_588' title='bbox 1082 3134 1171 3175; x_wconf 76' lang='lat' dir='ltr'><strong>uorem</strong></span> <span class='ocrx_word' id='word_1_589' title='bbox 1185 3138 1296 3190; x_wconf 57' lang='lat' dir='ltr'><strong>regem..</strong></span> 
     </span>
    </p>
   </div>
   <div class='ocr_carea' id='block_1_13' title="bbox 1119 3188 1899 3296">
    <p class='ocr_par' dir='ltr' id='par_1_20' title="bbox 1119 3188 1899 3296">
     <span class='ocr_line' id='line_1_59' title="bbox 1119 3188 1899 3296; baseline -0.012 -10"><span class='ocrx_word' id='word_1_590' title='bbox 1119 3231 1187 3295; x_wconf 65' lang='lat' dir='ltr'><strong>§ab</strong></span> <span class='ocrx_word' id='word_1_591' title='bbox 1253 3234 1283 3282; x_wconf 84' lang='lat' dir='ltr'><strong>ut</strong></span> <span class='ocrx_word' id='word_1_592' title='bbox 1303 3231 1377 3296; x_wconf 78' lang='lat' dir='ltr'><strong>jussit</strong></span> <span class='ocrx_word' id='word_1_593' title='bbox 1392 3231 1511 3295; x_wconf 77' lang='lat' dir='ltr'><strong>liquefieri</strong></span> <span class='ocrx_word' id='word_1_594' title='bbox 1527 3232 1656 3295; x_wconf 86' lang='lat' dir='ltr'><strong>plumbum</strong></span> <span class='ocrx_word' id='word_1_595' title='bbox 1676 3231 1791 3281; x_wconf 82' lang='lat' dir='ltr'><strong>inlebete</strong></span> <span class='ocrx_word' id='word_1_596' title='bbox 1808 3231 1846 3278; x_wconf 84' lang='lat' dir='ltr'><strong>ser·</strong></span> <span class='ocrx_word' id='word_1_597' title='bbox 1898 3188 1899 3243; x_wconf 26' lang='grc' dir='ltr'>ί</span> 
     </span>
    </p>
   </div>
   <div class='ocr_carea' id='block_1_14' title="bbox 1089 3342 1850 3512">
    <p class='ocr_par' dir='ltr' id='par_1_21' title="bbox 1089 3342 1850 3512">
     <span class='ocr_line' id='line_1_60' title="bbox 1090 3342 1850 3405; baseline -0.004 -14"><span class='ocrx_word' id='word_1_598' title='bbox 1090 3357 1145 3403; x_wconf 85' lang='lat' dir='ltr'><strong>roo,</strong></span> <span class='ocrx_word' id='word_1_599' title='bbox 1156 3346 1181 3394; x_wconf 91' lang='lat' dir='ltr'><strong>et</strong></span> <span class='ocrx_word' id='word_1_600' title='bbox 1191 3342 1272 3394; x_wconf 80' lang='lat' dir='ltr'><strong>adiano</strong></span> <span class='ocrx_word' id='word_1_601' title='bbox 1287 3343 1409 3394; x_wconf 75' lang='lat' dir='ltr'><strong>fervidum</strong></span> <span class='ocrx_word' id='word_1_602' title='bbox 1422 3343 1519 3395; x_wconf 78' lang='lat' dir='ltr'><strong>attondi</strong></span> <span class='ocrx_word' id='word_1_603' title='bbox 1533 3344 1557 3393; x_wconf 92' lang='lat' dir='ltr'><strong>in</strong></span> <span class='ocrx_word' id='word_1_604' title='bbox 1570 3346 1636 3394; x_wconf 82' lang='lat' dir='ltr'><strong>eset</strong></span> <span class='ocrx_word' id='word_1_605' title='bbox 1650 3344 1759 3394; x_wconf 87' lang='lat' dir='ltr'><strong>intutum</strong></span> <span class='ocrx_word' id='word_1_606' title='bbox 1773 3353 1850 3405; x_wconf 86' lang='lat' dir='ltr'><strong>eorpus</strong></span> 
     </span>
     <span class='ocr_line' id='line_1_61' title="bbox 1089 3445 1849 3512; baseline -0.008 -13"><span class='ocrx_word' id='word_1_607' title='bbox 1089 3448 1174 3512; x_wconf 87' lang='lat' dir='ltr'><strong>ipsius.</strong></span> <span class='ocrx_word' id='word_1_608' title='bbox 1189 3451 1242 3499; x_wconf 83' lang='lat' dir='ltr'><strong>Non</strong></span> <span class='ocrx_word' id='word_1_609' title='bbox 1255 3452 1337 3500; x_wconf 88' lang='lat' dir='ltr'><strong>tameo</strong></span> <span class='ocrx_word' id='word_1_610' title='bbox 1349 3453 1388 3500; x_wconf 85' lang='lat' dir='ltr'><strong>eet</strong></span> <span class='ocrx_word' id='word_1_611' title='bbox 1401 3452 1530 3508; x_wconf 86' lang='lat' dir='ltr'><strong>mortuus,</strong></span> <span class='ocrx_word' id='word_1_612' title='bbox 1546 3448 1590 3499; x_wconf 81' lang='lat' dir='ltr'><strong>sed</strong></span> <span class='ocrx_word' id='word_1_613' title='bbox 1603 3448 1670 3499; x_wconf 81' lang='lat' dir='ltr'><strong>vires</strong></span> <span class='ocrx_word' id='word_1_614' title='bbox 1680 3448 1808 3499; x_wconf 86' lang='lat' dir='ltr'><strong>etiamnum</strong></span> <span class='ocrx_word' id='word_1_615' title='bbox 1817 3445 1849 3493; x_wconf 81' lang='lat' dir='ltr'><strong>in·</strong></span> 
     </span>
    </p>
   </div>
   <div class='ocr_carea' id='block_1_15' title="bbox 1090 3556 1743 3623">
    <p class='ocr_par' dir='ltr' id='par_1_22' title="bbox 1090 3556 1743 3623">
     <span class='ocr_line' id='line_1_62' title="bbox 1090 3556 1743 3623; baseline -0.002 -16"><span class='ocrx_word' id='word_1_616' title='bbox 1090 3556 1159 3619; x_wconf 87' lang='lat' dir='ltr'><strong>bens,</strong></span> <span class='ocrx_word' id='word_1_617' title='bbox 1168 3556 1229 3608; x_wconf 88' lang='lat' dir='ltr'><strong>dum</strong></span> <span class='ocrx_word' id='word_1_618' title='bbox 1238 3557 1443 3623; x_wconf 78' lang='lat' dir='ltr'><strong>interrogabatur,</strong></span> <span class='ocrx_word' id='word_1_619' title='bbox 1454 3556 1583 3608; x_wconf 81' lang='lat' dir='ltr'><strong>coelestim</strong></span> <span class='ocrx_word' id='word_1_620' title='bbox 1591 3557 1743 3621; x_wconf 87' lang='lat' dir='ltr'><strong>respondit...</strong></span> 
     </span>
    </p>
   </div>
   <div class='ocr_carea' id='block_1_16' title="bbox 1087 3664 1850 4728">
    <p class='ocr_par' dir='ltr' id='par_1_23' title="bbox 1087 3664 1850 4728">
     <span class='ocr_line' id='line_1_63' title="bbox 1121 3664 1850 3732; baseline -0.008 -13"><span class='ocrx_word' id='word_1_621' title='bbox 1121 3668 1135 3732; x_wconf 93' lang='lat'>§</span> <span class='ocrx_word' id='word_1_622' title='bbox 1151 3675 1191 3720; x_wconf 75' lang='lat' dir='ltr'><strong>tt.</strong></span> <span class='ocrx_word' id='word_1_623' title='bbox 1208 3671 1239 3719; x_wconf 86' lang='lat' dir='ltr'><strong>Et</strong></span> <span class='ocrx_word' id='word_1_624' title='bbox 1251 3667 1312 3719; x_wconf 91' lang='lat' dir='ltr'><strong>dum</strong></span> <span class='ocrx_word' id='word_1_625' title='bbox 1332 3668 1465 3719; x_wconf 83' lang='lat' dir='ltr'><strong>Teredotes</strong></span> <span class='ocrx_word' id='word_1_626' title='bbox 1476 3668 1558 3719; x_wconf 84' lang='lat' dir='ltr'><strong>adbuc</strong></span> <span class='ocrx_word' id='word_1_627' title='bbox 1576 3667 1742 3718; x_wconf 86' lang='lat' dir='ltr'><strong>meditabatur</strong></span> <span class='ocrx_word' id='word_1_628' title='bbox 1757 3664 1850 3716; x_wconf 83' lang='lat' dir='ltr'><strong>molliter</strong></span> 
     </span>
     <span class='ocr_line' id='line_1_64' title="bbox 1091 3762 1849 3832; baseline -0.007 -17"><span class='ocrx_word' id='word_1_629' title='bbox 1091 3768 1170 3831; x_wconf 86' lang='lat' dir='ltr'><strong>ipsum</strong></span> <span class='ocrx_word' id='word_1_630' title='bbox 1180 3768 1287 3831; x_wconf 84' lang='lat' dir='ltr'><strong>alloqui,</strong></span> <span class='ocrx_word' id='word_1_631' title='bbox 1298 3767 1372 3832; x_wconf 85' lang='lat' dir='ltr'><strong>eique</strong></span> <span class='ocrx_word' id='word_1_632' title='bbox 1385 3766 1502 3818; x_wconf 78' lang='lat' dir='ltr'><strong>exhibere</strong></span> <span class='ocrx_word' id='word_1_633' title='bbox 1515 3770 1541 3817; x_wconf 90' lang='lat' dir='ltr'><strong>et</strong></span> <span class='ocrx_word' id='word_1_634' title='bbox 1551 3766 1696 3830; x_wconf 87' lang='lat' dir='ltr'><strong>promittere</strong></span> <span class='ocrx_word' id='word_1_635' title='bbox 1709 3778 1765 3830; x_wconf 84' lang='lat' dir='ltr'><strong>opes</strong></span> <span class='ocrx_word' id='word_1_636' title='bbox 1779 3767 1803 3814; x_wconf 92' lang='lat' dir='ltr'><strong>et</strong></span> <span class='ocrx_word' id='word_1_637' title='bbox 1812 3762 1849 3811; x_wconf 89' lang='lat' dir='ltr'><strong>bo·</strong></span> 
     </span>
     <span class='ocr_line' id='line_1_65' title="bbox 1088 3858 1849 3929; baseline -0.007 -15"><span class='ocrx_word' id='word_1_638' title='bbox 1088 3879 1174 3926; x_wconf 86' lang='lat' dir='ltr'><strong>nores,</strong></span> <span class='ocrx_word' id='word_1_639' title='bbox 1185 3864 1276 3928; x_wconf 81' lang='lat' dir='ltr'><strong>quibus</strong></span> <span class='ocrx_word' id='word_1_640' title='bbox 1289 3864 1417 3929; x_wconf 85' lang='lat' dir='ltr'><strong>promissis</strong></span> <span class='ocrx_word' id='word_1_641' title='bbox 1427 3877 1522 3914; x_wconf 87' lang='lat' dir='ltr'><strong>morem</strong></span> <span class='ocrx_word' id='word_1_642' title='bbox 1531 3866 1646 3928; x_wconf 81' lang='lat' dir='ltr'><strong>gesturus</strong></span> <span class='ocrx_word' id='word_1_643' title='bbox 1662 3877 1710 3912; x_wconf 90' lang='lat' dir='ltr'><strong>nou</strong></span> <span class='ocrx_word' id='word_1_644' title='bbox 1720 3865 1788 3919; x_wconf 76' lang='lat' dir='ltr'><strong>erat,</strong></span> <span class='ocrx_word' id='word_1_645' title='bbox 1798 3858 1849 3921; x_wconf 70' lang='lat' dir='ltr'><strong>rogi·</strong></span> 
     </span>
     <span class='ocr_line' id='line_1_66' title="bbox 1088 3962 1849 4027; baseline -0.012 -11"><span class='ocrx_word' id='word_1_646' title='bbox 1088 3969 1157 4027; x_wconf 87' lang='lat' dir='ltr'><strong>taos,</strong></span> <span class='ocrx_word' id='word_1_647' title='bbox 1174 3968 1195 4018; x_wconf 90' lang='lat' dir='ltr'><strong>si</strong></span> <span class='ocrx_word' id='word_1_648' title='bbox 1204 3967 1243 4017; x_wconf 89' lang='lat' dir='ltr'><strong>bis</strong></span> <span class='ocrx_word' id='word_1_649' title='bbox 1254 3981 1302 4016; x_wconf 89' lang='lat' dir='ltr'><strong>non</strong></span> <span class='ocrx_word' id='word_1_650' title='bbox 1313 3966 1424 4027; x_wconf 81' lang='lat' dir='ltr'><strong>eederet,</strong></span> <span class='ocrx_word' id='word_1_651' title='bbox 1439 3964 1530 4016; x_wconf 88' lang='lat' dir='ltr'><strong>addere</strong></span> <span class='ocrx_word' id='word_1_652' title='bbox 1544 3965 1681 4027; x_wconf 77' lang='lat' dir='ltr'><strong>antelatus,</strong></span> <span class='ocrx_word' id='word_1_653' title='bbox 1696 3970 1720 4015; x_wconf 87' lang='lat' dir='ltr'><strong>et</strong></span> <span class='ocrx_word' id='word_1_654' title='bbox 1730 3964 1754 4013; x_wconf 88' lang='lat' dir='ltr'><strong>in</strong></span> <span class='ocrx_word' id='word_1_655' title='bbox 1765 3962 1849 4025; x_wconf 84' lang='lat' dir='ltr'><strong>longum</strong></span> 
     </span>
     <span class='ocr_line' id='line_1_67' title="bbox 1089 4058 1849 4128; baseline -0.009 -16"><span class='ocrx_word' id='word_1_656' title='bbox 1089 4066 1251 4128; x_wconf 88' lang='lat' dir='ltr'><strong>tempuseum</strong></span> <span class='ocrx_word' id='word_1_657' title='bbox 1260 4064 1362 4127; x_wconf 78' lang='lat' dir='ltr'><strong>punire3</strong></span> <span class='ocrx_word' id='word_1_658' title='bbox 1376 4063 1540 4126; x_wconf 84' lang='lat' dir='ltr'><strong>eooequidam</strong></span> <span class='ocrx_word' id='word_1_659' title='bbox 1554 4076 1582 4113; x_wconf 82' lang='lat' dir='ltr'><strong>ea</strong></span> <span class='ocrx_word' id='word_1_660' title='bbox 1590 4062 1696 4127; x_wconf 88' lang='lat' dir='ltr'><strong>satrapis</strong></span> <span class='ocrx_word' id='word_1_661' title='bbox 1704 4075 1783 4126; x_wconf 76' lang='lat' dir='ltr'><strong>regem</strong></span> <span class='ocrx_word' id='word_1_662' title='bbox 1794 4058 1849 4114; x_wconf 69' lang='lat' dir='ltr'><strong>adit,</strong></span> 
     </span>
     <span class='ocr_line' id='line_1_68' title="bbox 1088 4154 1849 4228; baseline -0.013 -14"><span class='ocrx_word' id='word_1_663' title='bbox 1088 4170 1194 4228; x_wconf 75' lang='lat' dir='ltr'><strong>eumque</strong></span> <span class='ocrx_word' id='word_1_664' title='bbox 1212 4178 1285 4215; x_wconf 84' lang='lat' dir='ltr'><strong>orsus</strong></span> <span class='ocrx_word' id='word_1_665' title='bbox 1301 4163 1392 4227; x_wconf 84' lang='lat' dir='ltr'><strong>alloqui</strong></span> <span class='ocrx_word' id='word_1_666' title='bbox 1405 4167 1430 4214; x_wconf 86' lang='lat' dir='ltr'><strong>et</strong></span> <span class='ocrx_word' id='word_1_667' title='bbox 1456 4162 1544 4214; x_wconf 89' lang='lat' dir='ltr'><strong>dooere</strong></span> <span class='ocrx_word' id='word_1_668' title='bbox 1558 4176 1656 4213; x_wconf 86' lang='lat' dir='ltr'><strong>omnem</strong></span> <span class='ocrx_word' id='word_1_669' title='bbox 1670 4160 1812 4225; x_wconf 84' lang='lat' dir='ltr'><strong>diligentiam</strong></span> <span class='ocrx_word' id='word_1_670' title='bbox 1825 4154 1849 4204; x_wconf 80' lang='lat' dir='ltr'><strong>de</strong></span> 
     </span>
     <span class='ocr_line' id='line_1_69' title="bbox 1088 4255 1848 4327; baseline -0.011 -12"><span class='ocrx_word' id='word_1_671' title='bbox 1088 4265 1255 4327; x_wconf 77' lang='lat' dir='ltr'><strong>limenebus,</strong></span> <span class='ocrx_word' id='word_1_672' title='bbox 1274 4265 1337 4315; x_wconf 87' lang='lat' dir='ltr'><strong>dixit</strong></span> <span class='ocrx_word' id='word_1_673' title='bbox 1354 4282 1360 4314; x_wconf 77' lang='grc' dir='ltr'>ι</span> <span class='ocrx_word' id='word_1_674' title='bbox 1382 4285 1394 4307; x_wconf 75' lang='grc' dir='ltr'>ι</span> <span class='ocrx_word' id='word_1_675' title='bbox 1412 4267 1465 4314; x_wconf 82' lang='lat' dir='ltr'><strong>Non</strong></span> <span class='ocrx_word' id='word_1_676' title='bbox 1481 4264 1539 4315; x_wconf 88' lang='lat' dir='ltr'><strong>lieet</strong></span> <span class='ocrx_word' id='word_1_677' title='bbox 1553 4264 1635 4327; x_wconf 85' lang='lat' dir='ltr'><strong>ipsum</strong></span> <span class='ocrx_word' id='word_1_678' title='bbox 1649 4263 1740 4313; x_wconf 80' lang='lat' dir='ltr'><strong>rivere.</strong></span> <span class='ocrx_word' id='word_1_679' title='bbox 1765 4263 1813 4310; x_wconf 84' lang='lat' dir='ltr'><strong>liae</strong></span> <span class='ocrx_word' id='word_1_680' title='bbox 1823 4255 1848 4302; x_wconf 77' lang='lat' dir='ltr'><strong>de</strong></span> 
     </span>
     <span class='ocr_line' id='line_1_70' title="bbox 1089 4355 1849 4431; baseline -0.009 -14"><span class='ocrx_word' id='word_1_681' title='bbox 1089 4380 1164 4417; x_wconf 81' lang='lat' dir='ltr'><strong>eausa</strong></span> <span class='ocrx_word' id='word_1_682' title='bbox 1183 4381 1230 4417; x_wconf 91' lang='lat' dir='ltr'><strong>noo</strong></span> <span class='ocrx_word' id='word_1_683' title='bbox 1245 4367 1313 4431; x_wconf 88' lang='lat' dir='ltr'><strong>eupit</strong></span> <span class='ocrx_word' id='word_1_684' title='bbox 1329 4366 1411 4417; x_wconf 84' lang='lat' dir='ltr'><strong>lucem</strong></span> <span class='ocrx_word' id='word_1_685' title='bbox 1424 4366 1524 4427; x_wconf 85' lang='lat' dir='ltr'><strong>videre,</strong></span> <span class='ocrx_word' id='word_1_686' title='bbox 1542 4377 1587 4415; x_wconf 88' lang='lat' dir='ltr'><strong>nee</strong></span> <span class='ocrx_word' id='word_1_687' title='bbox 1610 4361 1798 4415; x_wconf 74' lang='lat' dir='ltr'><strong>miserirordiam</strong></span> <span class='ocrx_word' id='word_1_688' title='bbox 1816 4355 1849 4405; x_wconf 74' lang='lat' dir='ltr'><strong>ol</strong></span> 
     </span>
     <span class='ocr_line' id='line_1_71' title="bbox 1088 4450 1850 4526; baseline -0.022 -11"><span class='ocrx_word' id='word_1_689' title='bbox 1088 4465 1175 4515; x_wconf 87' lang='lat' dir='ltr'><strong>tinere.</strong></span> <span class='ocrx_word' id='word_1_690' title='bbox 1187 4462 1294 4513; x_wconf 85' lang='lat' dir='ltr'><strong>blultum</strong></span> <span class='ocrx_word' id='word_1_691' title='bbox 1306 4464 1402 4514; x_wconf 79' lang='lat' dir='ltr'><strong>ellluxit</strong></span> <span class='ocrx_word' id='word_1_692' title='bbox 1414 4462 1546 4526; x_wconf 74' lang='lat' dir='ltr'><strong>temporie,</strong></span> <span class='ocrx_word' id='word_1_693' title='bbox 1561 4474 1611 4524; x_wconf 91' lang='lat' dir='ltr'><strong>quo</strong></span> <span class='ocrx_word' id='word_1_694' title='bbox 1624 4473 1682 4510; x_wconf 89' lang='lat' dir='ltr'><strong>eum</strong></span> <span class='ocrx_word' id='word_1_695' title='bbox 1694 4472 1742 4509; x_wconf 90' lang='lat' dir='ltr'><strong>noo</strong></span> <span class='ocrx_word' id='word_1_696' title='bbox 1754 4450 1850 4521; x_wconf 76' lang='lat' dir='ltr'><strong>cognori-</strong></span> 
     </span>
     <span class='ocr_line' id='line_1_72' title="bbox 1087 4546 1848 4620; baseline -0.013 -9"><span class='ocrx_word' id='word_1_697' title='bbox 1087 4575 1152 4612; x_wconf 90' lang='lat' dir='ltr'><strong>mus.</strong></span> <span class='ocrx_word' id='word_1_698' title='bbox 1166 4564 1199 4612; x_wconf 79' lang='lat' dir='ltr'><strong>at</strong></span> <span class='ocrx_word' id='word_1_699' title='bbox 1211 4559 1252 4609; x_wconf 87' lang='lat' dir='ltr'><strong>hie</strong></span> <span class='ocrx_word' id='word_1_700' title='bbox 1263 4562 1301 4611; x_wconf 84' lang='lat' dir='ltr'><strong>est</strong></span> <span class='ocrx_word' id='word_1_701' title='bbox 1318 4559 1383 4610; x_wconf 83' lang='lat' dir='ltr'><strong>filius</strong></span> <span class='ocrx_word' id='word_1_702' title='bbox 1396 4558 1472 4609; x_wconf 79' lang='lat' dir='ltr'><strong>Annei</strong></span> <span class='ocrx_word' id='word_1_703' title='bbox 1481 4556 1574 4620; x_wconf 76' lang='lat' dir='ltr'><strong>judicio</strong></span> <span class='ocrx_word' id='word_1_704' title='bbox 1583 4555 1709 4617; x_wconf 83' lang='lat' dir='ltr'><strong>damnati,</strong></span> <span class='ocrx_word' id='word_1_705' title='bbox 1720 4554 1761 4617; x_wconf 87' lang='lat' dir='ltr'><strong>qui</strong></span> <span class='ocrx_word' id='word_1_706' title='bbox 1772 4546 1848 4602; x_wconf 75' lang='lat' dir='ltr'><strong>oceidit</strong></span> 
     </span>
     <span class='ocr_line' id='line_1_73' title="bbox 1087 4654 1848 4728; baseline -0.017 -15"><span class='ocrx_word' id='word_1_707' title='bbox 1087 4667 1181 4728; x_wconf 84' lang='lat' dir='ltr'><strong>petrem</strong></span> <span class='ocrx_word' id='word_1_708' title='bbox 1193 4665 1265 4714; x_wconf 87' lang='lat' dir='ltr'><strong>tuum</strong></span> <span class='ocrx_word' id='word_1_709' title='bbox 1275 4665 1435 4725; x_wconf 80' lang='lat' dir='ltr'><strong>Oumronem,</strong></span> <span class='ocrx_word' id='word_1_710' title='bbox 1447 4663 1474 4712; x_wconf 89' lang='lat' dir='ltr'><strong>et</strong></span> <span class='ocrx_word' id='word_1_711' title='bbox 1481 4659 1595 4710; x_wconf 86' lang='lat' dir='ltr'><strong>tenebras</strong></span> <span class='ocrx_word' id='word_1_712' title='bbox 1601 4656 1700 4708; x_wconf 83' lang='lat' dir='ltr'><strong>induxit</strong></span> <span class='ocrx_word' id='word_1_713' title='bbox 1708 4657 1732 4706; x_wconf 86' lang='lat' dir='ltr'><strong>in</strong></span> <span class='ocrx_word' id='word_1_714' title='bbox 1740 4654 1848 4718; x_wconf 78' lang='lat' dir='ltr'><strong>regionem</strong></span> 
     </span>
    </p>
   </div>
   <div class='ocr_carea' id='block_1_17' title="bbox 1087 4743 1848 4921">
    <p class='ocr_par' dir='ltr' id='par_1_24' title="bbox 1087 4743 1848 4921">
     <span class='ocr_line' id='line_1_74' title="bbox 1088 4743 1847 4824; baseline -0.021 -8"><span class='ocrx_word' id='word_1_715' title='bbox 1088 4763 1223 4824; x_wconf 80' lang='lat' dir='ltr'><strong>Anneuioe,</strong></span> <span class='ocrx_word' id='word_1_716' title='bbox 1238 4765 1264 4813; x_wconf 90' lang='lat' dir='ltr'><strong>et</strong></span> <span class='ocrx_word' id='word_1_717' title='bbox 1284 4761 1348 4813; x_wconf 87' lang='lat' dir='ltr'><strong>bauo</strong></span> <span class='ocrx_word' id='word_1_718' title='bbox 1359 4763 1451 4812; x_wconf 82' lang='lat' dir='ltr'><strong>terrem</strong></span> <span class='ocrx_word' id='word_1_719' title='bbox 1465 4759 1497 4810; x_wconf 87' lang='lat' dir='ltr'><strong>ad</strong></span> <span class='ocrx_word' id='word_1_720' title='bbox 1508 4756 1639 4808; x_wconf 87' lang='lat' dir='ltr'><strong>interitum</strong></span> <span class='ocrx_word' id='word_1_721' title='bbox 1652 4754 1766 4819; x_wconf 76' lang='lat' dir='ltr'><strong>perduxit</strong></span> <span class='ocrx_word' id='word_1_722' title='bbox 1784 4754 1808 4801; x_wconf 84' lang='lat' dir='ltr'><strong>et</strong></span> <span class='ocrx_word' id='word_1_723' title='bbox 1822 4743 1847 4795; x_wconf 79' lang='lat' dir='ltr'><strong>td</strong></span> 
     </span>
     <span class='ocr_line' id='line_1_75' title="bbox 1087 4849 1848 4921; baseline -0.024 -13"><span class='ocrx_word' id='word_1_724' title='bbox 1087 4857 1264 4921; x_wconf 78' lang='lat' dir='ltr'><strong>captivitatem.</strong></span> <span class='ocrx_word' id='word_1_725' title='bbox 1278 4859 1348 4907; x_wconf 82' lang='lat' dir='ltr'><strong>Nunc</strong></span> <span class='ocrx_word' id='word_1_726' title='bbox 1360 4869 1418 4920; x_wconf 77' lang='lat' dir='ltr'><strong>ergo</strong></span> <span class='ocrx_word' id='word_1_727' title='bbox 1433 4869 1482 4904; x_wconf 91' lang='lat' dir='ltr'><strong>non</strong></span> <span class='ocrx_word' id='word_1_728' title='bbox 1496 4855 1594 4918; x_wconf 87' lang='lat' dir='ltr'><strong>oportet</strong></span> <span class='ocrx_word' id='word_1_729' title='bbox 1607 4864 1664 4901; x_wconf 90' lang='lat' dir='ltr'><strong>eum</strong></span> <span class='ocrx_word' id='word_1_730' title='bbox 1683 4849 1766 4899; x_wconf 84' lang='lat' dir='ltr'><strong>rivere</strong></span> <span class='ocrx_word' id='word_1_731' title='bbox 1783 4852 1848 4895; x_wconf 85' lang='lat' dir='ltr'><strong>:nam</strong></span> 
     </span>
    </p>
   </div>
   <div class='ocr_carea' id='block_1_18' title="bbox 262 4908 1846 5018">
    <p class='ocr_par' dir='ltr' id='par_1_25' title="bbox 262 4908 1846 5018">
     <span class='ocr_line' id='line_1_76' title="bbox 262 4908 1846 5018; baseline -0.016 -39"><span class='ocrx_word' id='word_1_732' title='bbox 262 4921 389 4992; x_wconf 80' lang='grc' dir='ltr'>δικήσειος</span> <span class='ocrx_word' id='word_1_733' title='bbox 403 4921 529 4999; x_wconf 82' lang='grc' dir='ltr'>ὑπάρχει.</span> <span class='ocrx_word' id='word_1_734' title='bbox 545 4920 599 4979; x_wconf 81' lang='grc' dir='ltr'>Καὶ</span> <span class='ocrx_word' id='word_1_735' title='bbox 617 4914 683 4994; x_wconf 83' lang='grc' dir='ltr'>μετδι</span> <span class='ocrx_word' id='word_1_736' title='bbox 697 4911 827 4977; x_wconf 82' lang='grc' dir='ltr'>τοσαύτας</span> <span class='ocrx_word' id='word_1_737' title='bbox 841 4908 967 4980; x_wconf 71' lang='grc' dir='ltr'>ἐξετάσεις</span> <span class='ocrx_word' id='word_1_738' title='bbox 991 4911 1035 4971; x_wconf 82' lang='grc' dir='ltr'><strong>καί</strong></span> <span class='ocrx_word' id='word_1_739' title='bbox 1090 4954 1157 5006; x_wconf 59' lang='lat' dir='ltr'><strong>mim</strong></span> <span class='ocrx_word' id='word_1_740' title='bbox 1171 4955 1273 5009; x_wconf 54' lang='lat' dir='ltr'><strong>ultionis</strong></span> <span class='ocrx_word' id='word_1_741' title='bbox 1281 4959 1329 5007; x_wconf 36' lang='lat' dir='ltr'><strong>est·</strong></span> <span class='ocrx_word' id='word_1_742' title='bbox 1342 4975 1354 4998; x_wconf 51' lang='lat' dir='ltr'>n</span> <span class='ocrx_word' id='word_1_743' title='bbox 1365 4956 1463 5018; x_wconf 55' lang='lat' dir='ltr'><strong>most</strong></span> <span class='ocrx_word' id='word_1_744' title='bbox 1476 4955 1514 5004; x_wconf 64' lang='lat' dir='ltr'><strong>tot</strong></span> <span class='ocrx_word' id='word_1_745' title='bbox 1526 4951 1710 5016; x_wconf 51' lang='lat' dir='ltr'><strong>inquisitiones,</strong></span> <span class='ocrx_word' id='word_1_746' title='bbox 1725 4944 1846 4997; x_wconf 42' lang='lat' dir='ltr'><strong>cruciatus·</strong></span> 
     </span>
    </p>
   </div>
   <div class='ocr_carea' id='block_1_19' title="bbox 261 4998 1841 5176">
    <p class='ocr_par' dir='ltr' id='par_1_26' title="bbox 261 4998 1841 5176">
     <span class='ocr_line' id='line_1_77' title="bbox 263 4998 1827 5088; baseline -0.027 -19"><span class='ocrx_word' id='word_1_747' title='bbox 263 5011 393 5088; x_wconf 84' lang='grc' dir='ltr'>βασάνους</span> <span class='ocrx_word' id='word_1_748' title='bbox 404 5008 567 5088; x_wconf 76' lang='grc' dir='ltr'>καίπληγδις</span> <span class='ocrx_word' id='word_1_749' title='bbox 588 5006 632 5064; x_wconf 88' lang='grc' dir='ltr'><strong>καὶ</strong></span> <span class='ocrx_word' id='word_1_750' title='bbox 648 5000 785 5085; x_wconf 82' lang='grc' dir='ltr'>ρυλακδις,</span> <span class='ocrx_word' id='word_1_751' title='bbox 802 4998 976 5080; x_wconf 77' lang='grc' dir='ltr'>ατρεύλιύσεις</span> <span class='ocrx_word' id='word_1_752' title='bbox 990 4999 1036 5059; x_wconf 82' lang='grc' dir='ltr'><strong>καί</strong></span> <span class='ocrx_word' id='word_1_753' title='bbox 1622 5055 1628 5066; x_wconf 28' lang='grc' dir='ltr'>ι</span> <span class='ocrx_word' id='word_1_754' title='bbox 1752 5050 1758 5061; x_wconf 28' lang='grc' dir='ltr'>ι</span> <span class='ocrx_word' id='word_1_755' title='bbox 1821 5039 1827 5050; x_wconf 92' lang='lat'><strong>.</strong></span> 
     </span>
     <span class='ocr_line' id='line_1_78' title="bbox 261 5049 1841 5176; baseline -0.043 -12"><span class='ocrx_word' id='word_1_756' title='bbox 261 5097 417 5176; x_wconf 70' lang='grc' dir='ltr'>κρεμάσας,</span> <span class='ocrx_word' id='word_1_757' title='bbox 432 5099 458 5154; x_wconf 80' lang='grc' dir='ltr'>ἐν</span> <span class='ocrx_word' id='word_1_758' title='bbox 478 5089 518 5161; x_wconf 78' lang='grc' dir='ltr'>αἷς</span> <span class='ocrx_word' id='word_1_759' title='bbox 532 5092 661 5166; x_wconf 77' lang='grc' dir='ltr'>ἐνέπηξαν</span> <span class='ocrx_word' id='word_1_760' title='bbox 677 5094 711 5157; x_wconf 77' lang='grc' dir='ltr'><strong>εἰς</strong></span> <span class='ocrx_word' id='word_1_761' title='bbox 733 5091 811 5148; x_wconf 80' lang='grc' dir='ltr'>αὐτὸν</span> <span class='ocrx_word' id='word_1_762' title='bbox 824 5136 832 5165; x_wconf 87' lang='grc'>,</span> <span class='ocrx_word' id='word_1_763' title='bbox 849 5088 878 5156; x_wconf 76' lang='grc' dir='ltr'>ἃς</span> <span class='ocrx_word' id='word_1_764' title='bbox 894 5090 1034 5169; x_wconf 47' lang='lat' dir='ltr'><strong>emtam„</strong></span> <span class='ocrx_word' id='word_1_765' title='bbox 1088 5057 1182 5122; x_wconf 55' lang='lat' dir='ltr'><strong>illm,</strong></span> <span class='ocrx_word' id='word_1_766' title='bbox 1198 5072 1322 5121; x_wconf 74' lang='lat' dir='ltr'><strong>carceres,</strong></span> <span class='ocrx_word' id='word_1_767' title='bbox 1339 5060 1462 5109; x_wconf 85' lang='lat' dir='ltr'><strong>tormenta</strong></span> <span class='ocrx_word' id='word_1_768' title='bbox 1477 5061 1503 5107; x_wconf 89' lang='lat' dir='ltr'><strong>et</strong></span> <span class='ocrx_word' id='word_1_769' title='bbox 1516 5067 1703 5119; x_wconf 82' lang='lat' dir='ltr'><strong>suspensiones,</strong></span> <span class='ocrx_word' id='word_1_770' title='bbox 1718 5049 1804 5115; x_wconf 75' lang='lat' dir='ltr'><strong>quibua</strong></span> <span class='ocrx_word' id='word_1_771' title='bbox 1820 5052 1841 5103; x_wconf 81' lang='grc' dir='ltr'><strong><em>ψ</em></strong></span> 
     </span>
    </p>
   </div>
   <div class='ocr_carea' id='block_1_20' title="bbox 256 5143 1846 5440">
    <p class='ocr_par' dir='ltr' id='par_1_27' title="bbox 256 5143 1846 5440">
     <span class='ocr_line' id='line_1_79' title="bbox 261 5143 1846 5261; baseline -0.018 -17"><span class='ocrx_word' id='word_1_772' title='bbox 261 5185 304 5246; x_wconf 77' lang='grc' dir='ltr'><strong>διδ</strong></span> <span class='ocrx_word' id='word_1_773' title='bbox 325 5186 355 5244; x_wconf 81' lang='grc' dir='ltr'><strong>τὸ</strong></span> <span class='ocrx_word' id='word_1_774' title='bbox 366 5184 449 5261; x_wconf 79' lang='grc' dir='ltr'>ὄνομα</span> <span class='ocrx_word' id='word_1_775' title='bbox 468 5189 512 5253; x_wconf 79' lang='grc' dir='ltr'><strong>τοῦ</strong></span> <span class='ocrx_word' id='word_1_776' title='bbox 528 5181 617 5261; x_wconf 89' lang='grc' dir='ltr'>κυρίου</span> <span class='ocrx_word' id='word_1_777' title='bbox 631 5184 706 5259; x_wconf 70' lang='grc' dir='ltr'>ἡμῶν</span> <span class='ocrx_word' id='word_1_778' title='bbox 728 5177 815 5251; x_wconf 78' lang='grc' dir='ltr'>Ἰησοῦ</span> <span class='ocrx_word' id='word_1_779' title='bbox 837 5181 969 5256; x_wconf 72' lang='grc' dir='ltr'>Χριστοῦ,</span> <span class='ocrx_word' id='word_1_780' title='bbox 984 5202 1035 5255; x_wconf 84' lang='grc' dir='ltr'>μα·</span> <span class='ocrx_word' id='word_1_781' title='bbox 1087 5178 1142 5215; x_wconf 72' lang='lat'><strong>⁸⁰⁰¹</strong></span> <span class='ocrx_word' id='word_1_782' title='bbox 1161 5162 1317 5223; x_wconf 61' lang='lat' dir='ltr'><strong>”ffllstfflflls</strong></span> <span class='ocrx_word' id='word_1_783' title='bbox 1330 5164 1356 5212; x_wconf 63' lang='lat' dir='ltr'><strong>el</strong></span> <span class='ocrx_word' id='word_1_784' title='bbox 1369 5175 1426 5224; x_wconf 67' lang='lat' dir='ltr'>(1¹¹ae</span> <span class='ocrx_word' id='word_1_785' title='bbox 1439 5172 1528 5235; x_wconf 54' lang='lat' dir='ltr'><strong>Pi⁸⁵¹¹⁸</strong></span> <span class='ocrx_word' id='word_1_786' title='bbox 1544 5159 1584 5208; x_wconf 64' lang='grc' dir='ltr'><strong>θθί</strong></span> <span class='ocrx_word' id='word_1_787' title='bbox 1603 5159 1799 5221; x_wconf 59' lang='lat' dir='ltr'><strong>Pl⁰l210¹¹¹⁰¹¹¹⁰¹¹</strong></span> <span class='ocrx_word' id='word_1_788' title='bbox 1809 5143 1846 5193; x_wconf 67' lang='lat'><strong>‘¹⁰&#39;</strong></span> 
     </span>
     <span class='ocr_line' id='line_1_80' title="bbox 256 5254 1846 5353; baseline -0.023 -16"><span class='ocrx_word' id='word_1_789' title='bbox 256 5273 313 5337; x_wconf 71' lang='grc' dir='ltr'>,ίιὼν</span> <span class='ocrx_word' id='word_1_790' title='bbox 332 5274 393 5353; x_wconf 75' lang='grc' dir='ltr'>περὶ</span> <span class='ocrx_word' id='word_1_791' title='bbox 411 5272 509 5332; x_wconf 87' lang='grc' dir='ltr'>τούτων</span> <span class='ocrx_word' id='word_1_792' title='bbox 533 5276 586 5330; x_wconf 82' lang='grc' dir='ltr'><strong>τῶν</strong></span> <span class='ocrx_word' id='word_1_793' title='bbox 611 5267 775 5350; x_wconf 83' lang='grc' dir='ltr'>πραγμάτων</span> <span class='ocrx_word' id='word_1_794' title='bbox 801 5264 972 5348; x_wconf 73' lang='grc' dir='ltr'>ύβασιλεδς,</span> <span class='ocrx_word' id='word_1_795' title='bbox 996 5266 1035 5326; x_wconf 79' lang='grc' dir='ltr'><strong>ὅτι</strong></span> <span class='ocrx_word' id='word_1_796' title='bbox 1088 5264 1237 5317; x_wconf 84' lang='lat' dir='ltr'><strong>uiuimstri</strong></span> <span class='ocrx_word' id='word_1_797' title='bbox 1253 5266 1314 5314; x_wconf 85' lang='lat' dir='ltr'><strong>Jesu</strong></span> <span class='ocrx_word' id='word_1_798' title='bbox 1330 5261 1439 5323; x_wconf 79' lang='lat' dir='ltr'><strong>christi3</strong></span> <span class='ocrx_word' id='word_1_799' title='bbox 1455 5259 1594 5323; x_wconf 74' lang='lat' dir='ltr'><strong>intelligens</strong></span> <span class='ocrx_word' id='word_1_800' title='bbox 1611 5257 1644 5308; x_wconf 88' lang='lat' dir='ltr'><strong>de</strong></span> <span class='ocrx_word' id='word_1_801' title='bbox 1660 5255 1700 5306; x_wconf 87' lang='lat' dir='ltr'><strong>bis</strong></span> <span class='ocrx_word' id='word_1_802' title='bbox 1718 5254 1789 5305; x_wconf 86' lang='lat' dir='ltr'><strong>rebus</strong></span> <span class='ocrx_word' id='word_1_803' title='bbox 1800 5255 1846 5301; x_wconf 66' lang='lat'><strong>¹2¹,</strong></span> 
     </span>
     <span class='ocr_line' id='line_1_81' title="bbox 264 5347 1846 5440; baseline -0.016 -13"><span class='ocrx_word' id='word_1_804' title='bbox 264 5359 364 5433; x_wconf 67' lang='grc' dir='ltr'><strong>αὶληθύις</strong></span> <span class='ocrx_word' id='word_1_805' title='bbox 379 5363 434 5430; x_wconf 82' lang='grc' dir='ltr'>υἱός</span> <span class='ocrx_word' id='word_1_806' title='bbox 454 5366 523 5422; x_wconf 85' lang='grc' dir='ltr'>ἐστιν</span> <span class='ocrx_word' id='word_1_807' title='bbox 538 5366 584 5421; x_wconf 78' lang='grc' dir='ltr'><strong>τοῦ</strong></span> <span class='ocrx_word' id='word_1_808' title='bbox 598 5358 705 5440; x_wconf 82' lang='grc' dir='ltr'>Πάρθου</span> <span class='ocrx_word' id='word_1_809' title='bbox 725 5357 821 5431; x_wconf 83' lang='grc' dir='ltr'>Ἄνακ,</span> <span class='ocrx_word' id='word_1_810' title='bbox 841 5362 888 5417; x_wconf 75' lang='grc' dir='ltr'><strong>τοῦ</strong></span> <span class='ocrx_word' id='word_1_811' title='bbox 911 5355 1033 5416; x_wconf 82' lang='grc' dir='ltr'>ἀποκτεί·</span> <span class='ocrx_word' id='word_1_812' title='bbox 1087 5368 1156 5435; x_wconf 87' lang='lat' dir='ltr'><strong>quod</strong></span> <span class='ocrx_word' id='word_1_813' title='bbox 1164 5382 1252 5420; x_wconf 80' lang='lat' dir='ltr'><strong>revere</strong></span> <span class='ocrx_word' id='word_1_814' title='bbox 1265 5366 1331 5418; x_wconf 82' lang='lat' dir='ltr'><strong>tilius</strong></span> <span class='ocrx_word' id='word_1_815' title='bbox 1341 5369 1409 5418; x_wconf 88' lang='lat' dir='ltr'><strong>esset</strong></span> <span class='ocrx_word' id='word_1_816' title='bbox 1423 5364 1500 5417; x_wconf 77' lang='lat' dir='ltr'><strong>Annei</strong></span> <span class='ocrx_word' id='word_1_817' title='bbox 1510 5361 1608 5424; x_wconf 78' lang='lat' dir='ltr'><strong>Parthi,</strong></span> <span class='ocrx_word' id='word_1_818' title='bbox 1620 5359 1664 5425; x_wconf 87' lang='lat' dir='ltr'><strong>qul</strong></span> <span class='ocrx_word' id='word_1_819' title='bbox 1681 5362 1772 5424; x_wconf 81' lang='lat' dir='ltr'><strong>patrem</strong></span> <span class='ocrx_word' id='word_1_820' title='bbox 1782 5347 1846 5416; x_wconf 73' lang='lat' dir='ltr'><strong>lptt&#39;ut</strong></span> 
     </span>
    </p>
   </div>
   <div class='ocr_carea' id='block_1_21' title="bbox 0 0 1933 6020">
    <p class='ocr_par' dir='ltr' id='par_1_28' title="bbox 0 0 1933 6020">
     <span class='ocr_line' id='line_1_82' title="bbox 0 0 1933 6020; baseline 0 0"><span class='ocrx_word' id='word_1_821' title='bbox 0 0 1933 6020; x_wconf 95' lang='lat' dir='ltr'><strong> </strong></span> 
     </span>
    </p>
   </div>
  </div>
 </body>
</html>
