<?xml version="1.0" encoding="UTF-8"?>
<!DOCTYPE html PUBLIC "-//W3C//DTD XHTML 1.0 Transitional//EN"
    "http://www.w3.org/TR/xhtml1/DTD/xhtml1-transitional.dtd">
<html xmlns="http://www.w3.org/1999/xhtml" xml:lang="en" lang="en">
 <head>
  <title>
</title>
<meta http-equiv="Content-Type" content="text/html;charset=utf-8" />
  <meta name='ocr-system' content='tesseract 3.04.00' />
  <meta name='ocr-capabilities' content='ocr_page ocr_carea ocr_par ocr_line ocrx_word'/>
</head>
<body>
  <div class='ocr_page' id='page_1' title='image "./fragmentahistor00jeagoog/fragmentahistor00jeagoog_0127.png"; bbox 0 0 3906 6034; ppageno 0'>
   <div class='ocr_carea' id='block_1_1' title="bbox 286 469 1939 664">
    <p class='ocr_par' dir='ltr' id='par_1_1' title="bbox 286 469 1939 664">
     <span class='ocr_line' id='line_1_1' title="bbox 287 469 1325 532; baseline -0.001 0"><span class='ocrx_word' id='word_1_1' title='bbox 287 474 328 532; x_wconf 82' lang='lat' dir='ltr'><strong>lt</strong></span> <span class='ocrx_word' id='word_1_2' title='bbox 846 469 1044 532; x_wconf 83' lang='lat' dir='ltr'><strong>cltll&#39;OBULl</strong></span> <span class='ocrx_word' id='word_1_3' title='bbox 1064 470 1325 532; x_wconf 78' lang='lat' dir='ltr'><strong>lllSTOltlllliUM</strong></span> 
     </span>
     <span class='ocr_line' id='line_1_2' title="bbox 286 574 1939 664; baseline -0.002 -13"><span class='ocrx_word' id='word_1_4' title='bbox 286 600 434 664; x_wconf 80' lang='lat' dir='ltr'><strong>irrumpunt.</strong></span> <span class='ocrx_word' id='word_1_5' title='bbox 466 600 513 650; x_wconf 86' lang='lat' dir='ltr'><strong>Dia</strong></span> <span class='ocrx_word' id='word_1_6' title='bbox 532 599 703 660; x_wconf 79' lang='lat' dir='ltr'><strong>illucescente,</strong></span> <span class='ocrx_word' id='word_1_7' title='bbox 721 598 791 663; x_wconf 81' lang='lat' dir='ltr'><strong>juxta</strong></span> <span class='ocrx_word' id='word_1_8' title='bbox 810 597 927 648; x_wconf 83' lang='lat' dir='ltr'><strong>uexillum</strong></span> <span class='ocrx_word' id='word_1_9' title='bbox 947 598 973 648; x_wconf 92' lang='lat' dir='ltr'><strong>in</strong></span> <span class='ocrx_word' id='word_1_10' title='bbox 988 612 1059 648; x_wconf 88' lang='lat' dir='ltr'><strong>muro</strong></span> <span class='ocrx_word' id='word_1_11' title='bbox 1113 592 1169 649; x_wconf 81' lang='lat' dir='ltr'><strong>mus</strong></span> <span class='ocrx_word' id='word_1_12' title='bbox 1187 598 1394 664; x_wconf 87' lang='lat' dir='ltr'><strong>splendidissimas</strong></span> <span class='ocrx_word' id='word_1_13' title='bbox 1415 599 1563 664; x_wconf 88' lang='lat' dir='ltr'><strong>primoribus</strong></span> <span class='ocrx_word' id='word_1_14' title='bbox 1582 601 1608 649; x_wconf 91' lang='lat' dir='ltr'><strong>et</strong></span> <span class='ocrx_word' id='word_1_15' title='bbox 1634 597 1719 648; x_wconf 89' lang='lat' dir='ltr'><strong>amicis</strong></span> <span class='ocrx_word' id='word_1_16' title='bbox 1742 596 1891 648; x_wconf 81' lang='lat' dir='ltr'><strong>habitandas</strong></span> <span class='ocrx_word' id='word_1_17' title='bbox 1938 574 1939 635; x_wconf 57' lang='lat' dir='ltr'><strong>i</strong></span> 
     </span>
    </p>
   </div>
   <div class='ocr_carea' id='block_1_2' title="bbox 287 683 1062 748">
    <p class='ocr_par' dir='ltr' id='par_1_2' title="bbox 287 683 1062 748">
     <span class='ocr_line' id='line_1_3' title="bbox 287 683 1062 748; baseline -0.003 -13"><span class='ocrx_word' id='word_1_18' title='bbox 287 686 367 737; x_wconf 85' lang='lat' dir='ltr'><strong>rietur</strong></span> <span class='ocrx_word' id='word_1_19' title='bbox 381 689 430 736; x_wconf 88' lang='lat' dir='ltr'><strong>stat</strong></span> <span class='ocrx_word' id='word_1_20' title='bbox 447 686 624 745; x_wconf 86' lang='lat' dir='ltr'><strong>blechemetes,</strong></span> <span class='ocrx_word' id='word_1_21' title='bbox 635 685 695 735; x_wconf 89' lang='lat' dir='ltr'><strong>dum</strong></span> <span class='ocrx_word' id='word_1_22' title='bbox 708 698 752 748; x_wconf 88' lang='lat' dir='ltr'><strong>per</strong></span> <span class='ocrx_word' id='word_1_23' title='bbox 763 683 849 734; x_wconf 90' lang='lat' dir='ltr'><strong>urbem</strong></span> <span class='ocrx_word' id='word_1_24' title='bbox 863 686 1005 747; x_wconf 87' lang='lat' dir='ltr'><strong>grassantur</strong></span> <span class='ocrx_word' id='word_1_25' title='bbox 1016 698 1062 734; x_wconf 82' lang='lat' dir='ltr'><strong>ece·</strong></span> 
     </span>
    </p>
   </div>
   <div class='ocr_carea' id='block_1_3' title="bbox 287 770 1940 1015">
    <p class='ocr_par' dir='ltr' id='par_1_3' title="bbox 287 770 1940 1015">
     <span class='ocr_line' id='line_1_4' title="bbox 287 770 1940 838; baseline 0.001 -16"><span class='ocrx_word' id='word_1_26' title='bbox 287 772 332 822; x_wconf 80' lang='lat' dir='ltr'><strong>des</strong></span> <span class='ocrx_word' id='word_1_27' title='bbox 347 773 494 832; x_wconf 87' lang='lat' dir='ltr'><strong>incolarum,</strong></span> <span class='ocrx_word' id='word_1_28' title='bbox 508 772 628 823; x_wconf 89' lang='lat' dir='ltr'><strong>bonorum</strong></span> <span class='ocrx_word' id='word_1_29' title='bbox 642 770 758 835; x_wconf 89' lang='lat' dir='ltr'><strong>direptio,</strong></span> <span class='ocrx_word' id='word_1_30' title='bbox 773 770 883 821; x_wconf 87' lang='lat' dir='ltr'><strong>ululatus</strong></span> <span class='ocrx_word' id='word_1_31' title='bbox 897 771 1059 834; x_wconf 85' lang='lat' dir='ltr'><strong>captivorum.</strong></span> <span class='ocrx_word' id='word_1_32' title='bbox 1113 775 1185 838; x_wconf 83' lang='lat' dir='ltr'><strong>regina</strong></span> <span class='ocrx_word' id='word_1_33' title='bbox 1214 773 1354 826; x_wconf 86' lang='lat' dir='ltr'><strong>destinarit.</strong></span> <span class='ocrx_word' id='word_1_34' title='bbox 1380 774 1502 838; x_wconf 83' lang='lat' dir='ltr'><strong>captivis,</strong></span> <span class='ocrx_word' id='word_1_35' title='bbox 1523 787 1586 837; x_wconf 85' lang='lat' dir='ltr'><strong>quos</strong></span> <span class='ocrx_word' id='word_1_36' title='bbox 1611 774 1663 838; x_wconf 88' lang='lat' dir='ltr'><strong>ipse</strong></span> <span class='ocrx_word' id='word_1_37' title='bbox 1684 774 1776 838; x_wconf 77' lang='lat' dir='ltr'><strong>praedae</strong></span> <span class='ocrx_word' id='word_1_38' title='bbox 1792 776 1890 837; x_wconf 84' lang='lat' dir='ltr'><strong>partem</strong></span> <span class='ocrx_word' id='word_1_39' title='bbox 1939 778 1940 835; x_wconf 65' lang='lat' dir='ltr'><strong>l</strong></span> 
     </span>
     <span class='ocr_line' id='line_1_5' title="bbox 1113 846 1940 927; baseline 0.002 -16"><span class='ocrx_word' id='word_1_40' title='bbox 1113 866 1254 927; x_wconf 85' lang='lat' dir='ltr'><strong>acceperat,</strong></span> <span class='ocrx_word' id='word_1_41' title='bbox 1276 863 1347 927; x_wconf 82' lang='lat' dir='ltr'><strong>juxta</strong></span> <span class='ocrx_word' id='word_1_42' title='bbox 1358 866 1458 927; x_wconf 90' lang='lat' dir='ltr'><strong>portum</strong></span> <span class='ocrx_word' id='word_1_43' title='bbox 1469 865 1495 911; x_wconf 92' lang='lat' dir='ltr'><strong>et</strong></span> <span class='ocrx_word' id='word_1_44' title='bbox 1515 863 1598 913; x_wconf 76' lang='lat' dir='ltr'><strong>cornu</strong></span> <span class='ocrx_word' id='word_1_45' title='bbox 1615 862 1695 911; x_wconf 87' lang='lat' dir='ltr'><strong>sinum</strong></span> <span class='ocrx_word' id='word_1_46' title='bbox 1712 860 1838 911; x_wconf 86' lang='lat' dir='ltr'><strong>domicilia</strong></span> <span class='ocrx_word' id='word_1_47' title='bbox 1849 874 1890 913; x_wconf 80' lang='lat' dir='ltr'><strong>as·</strong></span> <span class='ocrx_word' id='word_1_48' title='bbox 1939 846 1940 881; x_wconf 33' lang='grc' dir='ltr'><strong>ἶ</strong></span> 
     </span>
     <span class='ocr_line' id='line_1_6' title="bbox 1113 948 1940 1015; baseline 0.006 -17"><span class='ocrx_word' id='word_1_49' title='bbox 1113 949 1218 1013; x_wconf 84' lang='lat' dir='ltr'><strong>signauit</strong></span> <span class='ocrx_word' id='word_1_50' title='bbox 1232 953 1258 1000; x_wconf 91' lang='lat' dir='ltr'><strong>et</strong></span> <span class='ocrx_word' id='word_1_51' title='bbox 1273 964 1316 1015; x_wconf 92' lang='lat' dir='ltr'><strong>per</strong></span> <span class='ocrx_word' id='word_1_52' title='bbox 1338 953 1420 1000; x_wconf 87' lang='lat' dir='ltr'><strong>ratum</strong></span> <span class='ocrx_word' id='word_1_53' title='bbox 1442 953 1540 1013; x_wconf 87' lang='lat' dir='ltr'><strong>tempus</strong></span> <span class='ocrx_word' id='word_1_54' title='bbox 1552 949 1734 1000; x_wconf 88' lang='lat' dir='ltr'><strong>immunitatem</strong></span> <span class='ocrx_word' id='word_1_55' title='bbox 1756 948 1888 999; x_wconf 87' lang='lat' dir='ltr'><strong>concessit.</strong></span> <span class='ocrx_word' id='word_1_56' title='bbox 1939 998 1940 1003; x_wconf 75' lang='grc'>,</span> 
     </span>
    </p>
   </div>
   <div class='ocr_carea' id='block_1_4' title="bbox 287 858 1061 1100">
    <p class='ocr_par' dir='ltr' id='par_1_4' title="bbox 287 858 1061 1100">
     <span class='ocr_line' id='line_1_7' title="bbox 287 858 1060 923; baseline -0.001 -13"><span class='ocrx_word' id='word_1_57' title='bbox 287 887 318 899; x_wconf 89' lang='grc'>-</span> <span class='ocrx_word' id='word_1_58' title='bbox 331 866 370 911; x_wconf 74' lang='lat' dir='ltr'><strong>dl.</strong></span> <span class='ocrx_word' id='word_1_59' title='bbox 389 860 488 910; x_wconf 86' lang='lat' dir='ltr'><strong>interim</strong></span> <span class='ocrx_word' id='word_1_60' title='bbox 503 860 528 910; x_wconf 92' lang='lat' dir='ltr'><strong>in</strong></span> <span class='ocrx_word' id='word_1_61' title='bbox 546 860 640 923; x_wconf 84' lang='lat' dir='ltr'><strong>reliquo</strong></span> <span class='ocrx_word' id='word_1_62' title='bbox 658 872 730 910; x_wconf 89' lang='lat' dir='ltr'><strong>muro</strong></span> <span class='ocrx_word' id='word_1_63' title='bbox 748 858 828 909; x_wconf 80' lang='lat' dir='ltr'><strong>Graeci</strong></span> <span class='ocrx_word' id='word_1_64' title='bbox 847 871 931 909; x_wconf 91' lang='lat' dir='ltr'><strong>rerum</strong></span> <span class='ocrx_word' id='word_1_65' title='bbox 949 862 1060 909; x_wconf 88' lang='lat' dir='ltr'><strong>actarum</strong></span> 
     </span>
     <span class='ocr_line' id='line_1_8' title="bbox 288 944 1060 1012; baseline -0.004 -15"><span class='ocrx_word' id='word_1_66' title='bbox 288 947 366 1012; x_wconf 88' lang='lat' dir='ltr'><strong>ignari</strong></span> <span class='ocrx_word' id='word_1_67' title='bbox 378 961 484 1012; x_wconf 84' lang='lat' dir='ltr'><strong>pugnam</strong></span> <span class='ocrx_word' id='word_1_68' title='bbox 498 948 652 1007; x_wconf 90' lang='lat' dir='ltr'><strong>continuant,</strong></span> <span class='ocrx_word' id='word_1_69' title='bbox 662 947 740 997; x_wconf 87' lang='lat' dir='ltr'><strong>donee</strong></span> <span class='ocrx_word' id='word_1_70' title='bbox 752 946 874 996; x_wconf 83' lang='lat' dir='ltr'><strong>besterna</strong></span> <span class='ocrx_word' id='word_1_71' title='bbox 888 947 958 1009; x_wconf 87' lang='lat' dir='ltr'><strong>tergo</strong></span> <span class='ocrx_word' id='word_1_72' title='bbox 966 944 1060 995; x_wconf 88' lang='lat' dir='ltr'><strong>incum-</strong></span> 
     </span>
     <span class='ocr_line' id='line_1_9' title="bbox 287 1032 1061 1100; baseline -0.003 -15"><span class='ocrx_word' id='word_1_73' title='bbox 287 1035 383 1085; x_wconf 85' lang='lat' dir='ltr'><strong>bentem</strong></span> <span class='ocrx_word' id='word_1_74' title='bbox 395 1035 571 1100; x_wconf 79' lang='lat' dir='ltr'><strong>conspicientes</strong></span> <span class='ocrx_word' id='word_1_75' title='bbox 580 1037 623 1085; x_wconf 85' lang='lat' dir='ltr'><strong>aut</strong></span> <span class='ocrx_word' id='word_1_76' title='bbox 631 1034 656 1083; x_wconf 90' lang='lat' dir='ltr'><strong>in</strong></span> <span class='ocrx_word' id='word_1_77' title='bbox 666 1033 752 1084; x_wconf 87' lang='lat' dir='ltr'><strong>salutis</strong></span> <span class='ocrx_word' id='word_1_78' title='bbox 761 1033 929 1097; x_wconf 81' lang='lat' dir='ltr'>desperatione</span> <span class='ocrx_word' id='word_1_79' title='bbox 938 1032 970 1083; x_wconf 89' lang='lat' dir='ltr'><strong>de</strong></span> <span class='ocrx_word' id='word_1_80' title='bbox 981 1032 1061 1096; x_wconf 77' lang='lat' dir='ltr'><strong>pinnis</strong></span> 
     </span>
    </p>
   </div>
   <div class='ocr_carea' id='block_1_5' title="bbox 287 1098 1941 1188">
    <p class='ocr_par' dir='ltr' id='par_1_5' title="bbox 287 1098 1941 1188">
     <span class='ocr_line' id='line_1_10' title="bbox 287 1098 1941 1188; baseline 0 -16"><span class='ocrx_word' id='word_1_81' title='bbox 287 1122 592 1187; x_wconf 83' lang='lat' dir='ltr'><strong>praecipitassedejiciunt</strong></span> <span class='ocrx_word' id='word_1_82' title='bbox 605 1124 649 1171; x_wconf 90' lang='lat' dir='ltr'><strong>eut</strong></span> <span class='ocrx_word' id='word_1_83' title='bbox 659 1121 751 1186; x_wconf 85' lang='lat' dir='ltr'><strong>captivi</strong></span> <span class='ocrx_word' id='word_1_84' title='bbox 764 1121 1061 1172; x_wconf 72' lang='lat' dir='ltr'><strong>abducerem-selu·</strong></span> <span class='ocrx_word' id='word_1_85' title='bbox 1114 1123 1185 1173; x_wconf 88' lang='lat' dir='ltr'><strong>minis</strong></span> <span class='ocrx_word' id='word_1_86' title='bbox 1203 1125 1327 1175; x_wconf 82' lang='lat' dir='ltr'><strong>solverent</strong></span> <span class='ocrx_word' id='word_1_87' title='bbox 1343 1125 1382 1174; x_wconf 80' lang='lat' dir='ltr'><strong>rel</strong></span> <span class='ocrx_word' id='word_1_88' title='bbox 1398 1118 1523 1173; x_wconf 87' lang='lat' dir='ltr'><strong>soluturos</strong></span> <span class='ocrx_word' id='word_1_89' title='bbox 1538 1123 1753 1188; x_wconf 87' lang='lat' dir='ltr'><strong>sepromitterent,</strong></span> <span class='ocrx_word' id='word_1_90' title='bbox 1769 1121 1890 1173; x_wconf 87' lang='lat' dir='ltr'><strong>redeundi</strong></span> <span class='ocrx_word' id='word_1_91' title='bbox 1940 1098 1941 1153; x_wconf 36' lang='lat' dir='ltr'><strong>i</strong></span> 
     </span>
    </p>
   </div>
   <div class='ocr_carea' id='block_1_6' title="bbox 225 1208 1061 5380">
    <p class='ocr_par' dir='ltr' id='par_1_6' title="bbox 284 1208 1061 2834">
     <span class='ocr_line' id='line_1_11' title="bbox 289 1208 1061 1273; baseline -0.005 -12"><span class='ocrx_word' id='word_1_92' title='bbox 289 1213 327 1261; x_wconf 88' lang='lat' dir='ltr'><strong>ter</strong></span> <span class='ocrx_word' id='word_1_93' title='bbox 339 1211 384 1260; x_wconf 91' lang='lat' dir='ltr'><strong>bos</strong></span> <span class='ocrx_word' id='word_1_94' title='bbox 394 1209 440 1260; x_wconf 86' lang='lat' dir='ltr'><strong>tuit</strong></span> <span class='ocrx_word' id='word_1_95' title='bbox 449 1210 587 1271; x_wconf 86' lang='lat' dir='ltr'><strong>orebanes,</strong></span> <span class='ocrx_word' id='word_1_96' title='bbox 597 1209 755 1261; x_wconf 87' lang='lat' dir='ltr'><strong>btecbemetis</strong></span> <span class='ocrx_word' id='word_1_97' title='bbox 765 1212 881 1273; x_wconf 88' lang='lat' dir='ltr'><strong>patmus,</strong></span> <span class='ocrx_word' id='word_1_98' title='bbox 890 1208 933 1270; x_wconf 88' lang='lat' dir='ltr'><strong>qui</strong></span> <span class='ocrx_word' id='word_1_99' title='bbox 942 1209 972 1258; x_wconf 90' lang='lat' dir='ltr'><strong>ut</strong></span> <span class='ocrx_word' id='word_1_100' title='bbox 980 1208 1061 1258; x_wconf 80' lang='lat' dir='ltr'><strong>fratris</strong></span> 
     </span>
     <span class='ocr_line' id='line_1_12' title="bbox 287 1295 1060 1360; baseline -0.004 -13"><span class='ocrx_word' id='word_1_101' title='bbox 287 1298 387 1348; x_wconf 89' lang='lat' dir='ltr'><strong>insidias</strong></span> <span class='ocrx_word' id='word_1_102' title='bbox 399 1298 502 1359; x_wconf 83' lang='lat' dir='ltr'><strong>ritaret,</strong></span> <span class='ocrx_word' id='word_1_103' title='bbox 515 1296 574 1346; x_wconf 90' lang='lat' dir='ltr'><strong>olim</strong></span> <span class='ocrx_word' id='word_1_104' title='bbox 586 1296 819 1360; x_wconf 86' lang='lat' dir='ltr'><strong>constantinopolim</strong></span> <span class='ocrx_word' id='word_1_105' title='bbox 828 1299 937 1346; x_wconf 75' lang='lat' dir='ltr'><strong>venerat.</strong></span> <span class='ocrx_word' id='word_1_106' title='bbox 950 1295 1060 1349; x_wconf 86' lang='lat' dir='ltr'><strong>Primum</strong></span> 
     </span>
     <span class='ocr_line' id='line_1_13' title="bbox 288 1382 1061 1448; baseline -0.005 -12"><span class='ocrx_word' id='word_1_107' title='bbox 288 1382 1061 1448; x_wconf 71' lang='lat' dir='ltr'><strong>testeturcicaindutustugamteutavit,deindeagnitumseui·</strong></span> 
     </span>
     <span class='ocr_line' id='line_1_14' title="bbox 287 1468 1060 1533; baseline -0.006 -10"><span class='ocrx_word' id='word_1_108' title='bbox 287 1468 1060 1533; x_wconf 74' lang='lat' dir='ltr'><strong>densdeturridesiliensritamtinivit.caputejusadsultanum</strong></span> 
     </span>
     <span class='ocr_line' id='line_1_15' title="bbox 288 1552 1060 1621; baseline -0.005 -11"><span class='ocrx_word' id='word_1_109' title='bbox 288 1560 372 1610; x_wconf 71' lang='lat' dir='ltr'><strong>lemur.</strong></span> <span class='ocrx_word' id='word_1_110' title='bbox 383 1587 413 1602; x_wconf 90' lang='lat'>-</span> <span class='ocrx_word' id='word_1_111' title='bbox 423 1565 461 1609; x_wconf 74' lang='lat'><strong>⁰5.</strong></span> <span class='ocrx_word' id='word_1_112' title='bbox 472 1558 563 1609; x_wconf 76' lang='lat' dir='ltr'><strong>Eodem</strong></span> <span class='ocrx_word' id='word_1_113' title='bbox 571 1552 681 1621; x_wconf 80' lang='lat' dir='ltr'><strong>tempore</strong></span> <span class='ocrx_word' id='word_1_114' title='bbox 694 1557 819 1607; x_wconf 82' lang='lat' dir='ltr'><strong>Cbamuza</strong></span> <span class='ocrx_word' id='word_1_115' title='bbox 835 1556 974 1606; x_wconf 83' lang='lat' dir='ltr'><strong>navarchus</strong></span> <span class='ocrx_word' id='word_1_116' title='bbox 988 1558 1060 1620; x_wconf 85' lang='lat' dir='ltr'><strong>mpta</strong></span> 
     </span>
     <span class='ocr_line' id='line_1_16' title="bbox 287 1643 1061 1710; baseline -0.006 -12"><span class='ocrx_word' id='word_1_117' title='bbox 287 1650 373 1698; x_wconf 85' lang='lat' dir='ltr'><strong>eatena</strong></span> <span class='ocrx_word' id='word_1_118' title='bbox 387 1647 411 1697; x_wconf 91' lang='lat' dir='ltr'><strong>in</strong></span> <span class='ocrx_word' id='word_1_119' title='bbox 425 1648 523 1710; x_wconf 89' lang='lat' dir='ltr'><strong>portum</strong></span> <span class='ocrx_word' id='word_1_120' title='bbox 535 1644 653 1695; x_wconf 82' lang='lat' dir='ltr'><strong>invadens</strong></span> <span class='ocrx_word' id='word_1_121' title='bbox 664 1658 739 1694; x_wconf 87' lang='lat' dir='ltr'><strong>neres</strong></span> <span class='ocrx_word' id='word_1_122' title='bbox 750 1646 893 1694; x_wconf 76' lang='lat' dir='ltr'><strong>Graeeomm</strong></span> <span class='ocrx_word' id='word_1_123' title='bbox 903 1643 981 1702; x_wconf 75' lang='lat' dir='ltr'><strong>(Italae</strong></span> <span class='ocrx_word' id='word_1_124' title='bbox 996 1644 1061 1694; x_wconf 88' lang='lat' dir='ltr'><strong>errim</strong></span> 
     </span>
     <span class='ocr_line' id='line_1_17' title="bbox 287 1731 1060 1800; baseline -0.004 -16"><span class='ocrx_word' id='word_1_125' title='bbox 287 1735 343 1800; x_wconf 84' lang='lat' dir='ltr'><strong>tuga</strong></span> <span class='ocrx_word' id='word_1_126' title='bbox 350 1734 488 1797; x_wconf 89' lang='lat' dir='ltr'><strong>evaserant)</strong></span> <span class='ocrx_word' id='word_1_127' title='bbox 495 1734 584 1798; x_wconf 88' lang='lat' dir='ltr'><strong>partirn</strong></span> <span class='ocrx_word' id='word_1_128' title='bbox 594 1733 719 1793; x_wconf 91' lang='lat' dir='ltr'><strong>demersit,</strong></span> <span class='ocrx_word' id='word_1_129' title='bbox 725 1732 814 1797; x_wconf 87' lang='lat' dir='ltr'><strong>partim</strong></span> <span class='ocrx_word' id='word_1_130' title='bbox 823 1733 895 1796; x_wconf 88' lang='lat' dir='ltr'><strong>cepit.</strong></span> <span class='ocrx_word' id='word_1_131' title='bbox 908 1731 1002 1783; x_wconf 81' lang='lat' dir='ltr'>Deinde</span> <span class='ocrx_word' id='word_1_132' title='bbox 1011 1732 1060 1782; x_wconf 87' lang='lat' dir='ltr'><strong>dis-</strong></span> 
     </span>
     <span class='ocr_line' id='line_1_18' title="bbox 284 1819 1058 1887; baseline -0.001 -15"><span class='ocrx_word' id='word_1_133' title='bbox 284 1823 350 1887; x_wconf 85' lang='lat' dir='ltr'><strong>jecta</strong></span> <span class='ocrx_word' id='word_1_134' title='bbox 359 1825 430 1886; x_wconf 88' lang='lat' dir='ltr'><strong>porta</strong></span> <span class='ocrx_word' id='word_1_135' title='bbox 435 1820 537 1870; x_wconf 72' lang='lat' dir='ltr'><strong>Basilica</strong></span> <span class='ocrx_word' id='word_1_136' title='bbox 548 1820 667 1883; x_wconf 76' lang='lat' dir='ltr'><strong>nasisque</strong></span> <span class='ocrx_word' id='word_1_137' title='bbox 677 1821 729 1884; x_wconf 87' lang='lat' dir='ltr'><strong>ejus</strong></span> <span class='ocrx_word' id='word_1_138' title='bbox 737 1819 921 1881; x_wconf 78' lang='lat' dir='ltr'><strong>defensoribus,</strong></span> <span class='ocrx_word' id='word_1_139' title='bbox 934 1820 959 1870; x_wconf 91' lang='lat' dir='ltr'><strong>in</strong></span> <span class='ocrx_word' id='word_1_140' title='bbox 972 1820 1058 1871; x_wconf 89' lang='lat' dir='ltr'><strong>urbem</strong></span> 
     </span>
     <span class='ocr_line' id='line_1_19' title="bbox 288 1906 1059 1974; baseline -0.001 -14"><span class='ocrx_word' id='word_1_141' title='bbox 288 1908 593 1974; x_wconf 72' lang='lat' dir='ltr'><strong>panateria-sasima!</strong></span> <span class='ocrx_word' id='word_1_142' title='bbox 603 1922 647 1973; x_wconf 90' lang='lat' dir='ltr'><strong>per</strong></span> <span class='ocrx_word' id='word_1_143' title='bbox 655 1908 715 1958; x_wconf 89' lang='lat' dir='ltr'><strong>alias</strong></span> <span class='ocrx_word' id='word_1_144' title='bbox 725 1909 808 1972; x_wconf 87' lang='lat' dir='ltr'><strong>portas</strong></span> <span class='ocrx_word' id='word_1_145' title='bbox 818 1921 868 1957; x_wconf 76' lang='lat' dir='ltr'><strong>ora</strong></span> <span class='ocrx_word' id='word_1_146' title='bbox 880 1906 1011 1957; x_wconf 74' lang='lat' dir='ltr'><strong>maritime</strong></span> <span class='ocrx_word' id='word_1_147' title='bbox 1020 1922 1059 1959; x_wconf 86' lang='lat' dir='ltr'><strong>rs·</strong></span> 
     </span>
     <span class='ocr_line' id='line_1_20' title="bbox 288 1994 1058 2061; baseline -0.005 -14"><span class='ocrx_word' id='word_1_148' title='bbox 288 1998 370 2061; x_wconf 89' lang='lat' dir='ltr'><strong>liquos</strong></span> <span class='ocrx_word' id='word_1_149' title='bbox 384 1997 508 2047; x_wconf 81' lang='lat' dir='ltr'><strong>exercitus</strong></span> <span class='ocrx_word' id='word_1_150' title='bbox 526 1994 622 2046; x_wconf 75' lang='lat' dir='ltr'><strong>cadens</strong></span> <span class='ocrx_word' id='word_1_151' title='bbox 640 1994 799 2059; x_wconf 82' lang='lat' dir='ltr'><strong>predamque</strong></span> <span class='ocrx_word' id='word_1_152' title='bbox 817 1994 843 2044; x_wconf 92' lang='lat' dir='ltr'><strong>in</strong></span> <span class='ocrx_word' id='word_1_153' title='bbox 863 1994 951 2044; x_wconf 89' lang='lat' dir='ltr'><strong>urbem</strong></span> <span class='ocrx_word' id='word_1_154' title='bbox 969 1994 1058 2044; x_wconf 84' lang='lat' dir='ltr'><strong>‹litton-</strong></span> 
     </span>
     <span class='ocr_line' id='line_1_21' title="bbox 288 2080 1060 2147; baseline -0.001 -14"><span class='ocrx_word' id='word_1_155' title='bbox 288 2083 366 2135; x_wconf 88' lang='lat' dir='ltr'><strong>ditur.</strong></span> <span class='ocrx_word' id='word_1_156' title='bbox 408 2086 534 2147; x_wconf 78' lang='lat' dir='ltr'><strong>Ingentem</strong></span> <span class='ocrx_word' id='word_1_157' title='bbox 558 2082 742 2133; x_wconf 82' lang='lat' dir='ltr'><strong>multitudinem</strong></span> <span class='ocrx_word' id='word_1_158' title='bbox 760 2080 785 2131; x_wconf 91' lang='lat' dir='ltr'><strong>in</strong></span> <span class='ocrx_word' id='word_1_159' title='bbox 804 2084 829 2130; x_wconf 87' lang='lat' dir='ltr'><strong>S.</strong></span> <span class='ocrx_word' id='word_1_160' title='bbox 849 2081 946 2145; x_wconf 82' lang='lat' dir='ltr'><strong>sophiae</strong></span> <span class='ocrx_word' id='word_1_161' title='bbox 971 2081 1060 2145; x_wconf 88' lang='lat' dir='ltr'><strong>templo</strong></span> 
     </span>
     <span class='ocr_line' id='line_1_22' title="bbox 288 2167 1060 2235; baseline -0.001 -14"><span class='ocrx_word' id='word_1_162' title='bbox 288 2174 457 2235; x_wconf 85' lang='lat' dir='ltr'><strong>congregatam</strong></span> <span class='ocrx_word' id='word_1_163' title='bbox 477 2170 548 2233; x_wconf 87' lang='lat' dir='ltr'><strong>quasi</strong></span> <span class='ocrx_word' id='word_1_164' title='bbox 567 2169 614 2219; x_wconf 90' lang='lat' dir='ltr'><strong>reti</strong></span> <span class='ocrx_word' id='word_1_165' title='bbox 633 2168 730 2218; x_wconf 81' lang='lat' dir='ltr'><strong>inclusit</strong></span> <span class='ocrx_word' id='word_1_166' title='bbox 744 2171 769 2219; x_wconf 87' lang='lat' dir='ltr'><strong>et</strong></span> <span class='ocrx_word' id='word_1_167' title='bbox 781 2167 869 2218; x_wconf 89' lang='lat' dir='ltr'><strong>deinde</strong></span> <span class='ocrx_word' id='word_1_168' title='bbox 882 2167 1002 2232; x_wconf 82' lang='lat' dir='ltr'><strong>captivam</strong></span> <span class='ocrx_word' id='word_1_169' title='bbox 1018 2169 1060 2220; x_wconf 84' lang='lat' dir='ltr'><strong>ab</strong></span> 
     </span>
     <span class='ocr_line' id='line_1_23' title="bbox 292 2255 1061 2320; baseline -0.004 -12"><span class='ocrx_word' id='word_1_170' title='bbox 292 2258 374 2309; x_wconf 80' lang='lat' dir='ltr'><strong>duxit.</strong></span> <span class='ocrx_word' id='word_1_171' title='bbox 400 2285 431 2296; x_wconf 91' lang='lat'>-</span> <span class='ocrx_word' id='word_1_172' title='bbox 457 2262 497 2308; x_wconf 75' lang='grc'><strong>67.</strong></span> <span class='ocrx_word' id='word_1_173' title='bbox 514 2258 609 2309; x_wconf 81' lang='lat' dir='ltr'><strong>Galatae</strong></span> <span class='ocrx_word' id='word_1_174' title='bbox 628 2257 715 2307; x_wconf 87' lang='lat' dir='ltr'><strong>incolae</strong></span> <span class='ocrx_word' id='word_1_175' title='bbox 729 2259 815 2320; x_wconf 90' lang='lat' dir='ltr'><strong>sponte</strong></span> <span class='ocrx_word' id='word_1_176' title='bbox 835 2269 881 2306; x_wconf 90' lang='lat' dir='ltr'><strong>sua</strong></span> <span class='ocrx_word' id='word_1_177' title='bbox 893 2259 977 2320; x_wconf 89' lang='lat' dir='ltr'><strong>portas</strong></span> <span class='ocrx_word' id='word_1_178' title='bbox 993 2255 1061 2306; x_wconf 88' lang='lat' dir='ltr'><strong>urbis</strong></span> 
     </span>
     <span class='ocr_line' id='line_1_24' title="bbox 288 2343 1061 2412; baseline -0.004 -15"><span class='ocrx_word' id='word_1_179' title='bbox 288 2350 437 2412; x_wconf 88' lang='lat' dir='ltr'><strong>aperuerunt</strong></span> <span class='ocrx_word' id='word_1_180' title='bbox 453 2360 533 2410; x_wconf 89' lang='lat' dir='ltr'><strong>neque</strong></span> <span class='ocrx_word' id='word_1_181' title='bbox 553 2345 687 2409; x_wconf 85' lang='lat' dir='ltr'><strong>quidquam</strong></span> <span class='ocrx_word' id='word_1_182' title='bbox 706 2343 765 2395; x_wconf 90' lang='lat' dir='ltr'><strong>mali</strong></span> <span class='ocrx_word' id='word_1_183' title='bbox 785 2344 893 2408; x_wconf 83' lang='lat' dir='ltr'><strong>perpessi</strong></span> <span class='ocrx_word' id='word_1_184' title='bbox 912 2347 985 2405; x_wconf 75' lang='lat' dir='ltr'><strong>sunt,</strong></span> <span class='ocrx_word' id='word_1_185' title='bbox 999 2347 1061 2395; x_wconf 84' lang='lat' dir='ltr'><strong>Con·</strong></span> 
     </span>
     <span class='ocr_line' id='line_1_25' title="bbox 288 2431 1060 2498; baseline -0.003 -14"><span class='ocrx_word' id='word_1_186' title='bbox 288 2433 456 2498; x_wconf 86' lang='lat' dir='ltr'><strong>stantinopolis</strong></span> <span class='ocrx_word' id='word_1_187' title='bbox 476 2446 535 2483; x_wconf 83' lang='lat' dir='ltr'><strong>uero</strong></span> <span class='ocrx_word' id='word_1_188' title='bbox 553 2432 704 2483; x_wconf 87' lang='lat' dir='ltr'><strong>amatutino</strong></span> <span class='ocrx_word' id='word_1_189' title='bbox 715 2433 825 2496; x_wconf 87' lang='lat' dir='ltr'><strong>tempore</strong></span> <span class='ocrx_word' id='word_1_190' title='bbox 837 2431 868 2482; x_wconf 85' lang='lat' dir='ltr'><strong>ad</strong></span> <span class='ocrx_word' id='word_1_191' title='bbox 886 2444 967 2482; x_wconf 88' lang='lat' dir='ltr'><strong>seram</strong></span> <span class='ocrx_word' id='word_1_192' title='bbox 982 2445 1060 2494; x_wconf 84' lang='lat' dir='ltr'><strong>usque</strong></span> 
     </span>
     <span class='ocr_line' id='line_1_26' title="bbox 288 2521 1060 2587; baseline -0.004 -13"><span class='ocrx_word' id='word_1_193' title='bbox 288 2524 384 2587; x_wconf 90' lang='lat' dir='ltr'><strong>direpta</strong></span> <span class='ocrx_word' id='word_1_194' title='bbox 395 2527 441 2574; x_wconf 89' lang='lat' dir='ltr'><strong>est.</strong></span> <span class='ocrx_word' id='word_1_195' title='bbox 454 2522 535 2572; x_wconf 87' lang='lat' dir='ltr'><strong>Occisi</strong></span> <span class='ocrx_word' id='word_1_196' title='bbox 548 2522 573 2572; x_wconf 86' lang='lat' dir='ltr'><strong>in</strong></span> <span class='ocrx_word' id='word_1_197' title='bbox 587 2522 634 2572; x_wconf 84' lang='lat' dir='ltr'><strong>troc</strong></span> <span class='ocrx_word' id='word_1_198' title='bbox 646 2521 709 2572; x_wconf 92' lang='lat' dir='ltr'><strong>bello</strong></span> <span class='ocrx_word' id='word_1_199' title='bbox 724 2521 770 2572; x_wconf 87' lang='lat' dir='ltr'><strong>viri</strong></span> <span class='ocrx_word' id='word_1_200' title='bbox 781 2523 807 2571; x_wconf 91' lang='lat' dir='ltr'><strong>et</strong></span> <span class='ocrx_word' id='word_1_201' title='bbox 816 2521 932 2573; x_wconf 87' lang='lat' dir='ltr'><strong>mulieres</strong></span> <span class='ocrx_word' id='word_1_202' title='bbox 942 2521 1060 2586; x_wconf 87' lang='lat' dir='ltr'><strong>puerique</strong></span> 
     </span>
     <span class='ocr_line' id='line_1_27' title="bbox 288 2607 1061 2675; baseline -0.005 -14"><span class='ocrx_word' id='word_1_203' title='bbox 288 2614 376 2675; x_wconf 69' lang='lat' dir='ltr'><strong>qumer</strong></span> <span class='ocrx_word' id='word_1_204' title='bbox 387 2610 486 2661; x_wconf 86' lang='lat' dir='ltr'><strong>circiter</strong></span> <span class='ocrx_word' id='word_1_205' title='bbox 497 2610 574 2663; x_wconf 86' lang='lat' dir='ltr'><strong>mille.</strong></span> <span class='ocrx_word' id='word_1_206' title='bbox 589 2609 655 2673; x_wconf 89' lang='lat' dir='ltr'><strong>capti</strong></span> <span class='ocrx_word' id='word_1_207' title='bbox 674 2623 733 2659; x_wconf 89' lang='lat' dir='ltr'><strong>rero</strong></span> <span class='ocrx_word' id='word_1_208' title='bbox 752 2609 928 2673; x_wconf 83' lang='lat' dir='ltr'><strong>qulnquaginta</strong></span> <span class='ocrx_word' id='word_1_209' title='bbox 947 2607 1021 2658; x_wconf 89' lang='lat' dir='ltr'><strong>millia</strong></span> <span class='ocrx_word' id='word_1_210' title='bbox 1035 2611 1061 2657; x_wconf 88' lang='lat' dir='ltr'><strong>ot</strong></span> 
     </span>
     <span class='ocr_line' id='line_1_28' title="bbox 287 2695 1060 2763; baseline -0.006 -13"><span class='ocrx_word' id='word_1_211' title='bbox 287 2699 403 2763; x_wconf 90' lang='lat' dir='ltr'><strong>amplius.</strong></span> <span class='ocrx_word' id='word_1_212' title='bbox 438 2701 604 2748; x_wconf 79' lang='lat' dir='ltr'><strong>E‘l&#39;uroorum</strong></span> <span class='ocrx_word' id='word_1_213' title='bbox 614 2697 726 2747; x_wconf 80' lang='lat' dir='ltr'><strong>exercitu</strong></span> <span class='ocrx_word' id='word_1_214' title='bbox 739 2696 864 2760; x_wconf 89' lang='lat' dir='ltr'><strong>quingenti</strong></span> <span class='ocrx_word' id='word_1_215' title='bbox 880 2696 929 2745; x_wconf 86' lang='lat' dir='ltr'><strong>iere</strong></span> <span class='ocrx_word' id='word_1_216' title='bbox 940 2695 1060 2746; x_wconf 87' lang='lat' dir='ltr'><strong>interlecti</strong></span> 
     </span>
     <span class='ocr_line' id='line_1_29' title="bbox 288 2787 354 2834; baseline 0.015 -3"><span class='ocrx_word' id='word_1_217' title='bbox 288 2787 354 2834; x_wconf 90' lang='lat' dir='ltr'><strong>sunt.</strong></span> 
     </span>
    </p>

    <p class='ocr_par' dir='ltr' id='par_1_7' title="bbox 225 2868 1060 4236">
     <span class='ocr_line' id='line_1_30' title="bbox 318 2868 1056 2934; baseline -0.005 -11"><span class='ocrx_word' id='word_1_218' title='bbox 318 2877 360 2923; x_wconf 73' lang='lat'><strong>08.</strong></span> <span class='ocrx_word' id='word_1_219' title='bbox 376 2871 539 2922; x_wconf 84' lang='lat' dir='ltr'><strong>Meobemetes</strong></span> <span class='ocrx_word' id='word_1_220' title='bbox 547 2870 633 2920; x_wconf 87' lang='lat' dir='ltr'><strong>urbem</strong></span> <span class='ocrx_word' id='word_1_221' title='bbox 639 2871 762 2934; x_wconf 86' lang='lat' dir='ltr'><strong>ingressus</strong></span> <span class='ocrx_word' id='word_1_222' title='bbox 769 2873 795 2920; x_wconf 87' lang='lat' dir='ltr'><strong>et</strong></span> <span class='ocrx_word' id='word_1_223' title='bbox 801 2869 992 2933; x_wconf 89' lang='lat' dir='ltr'><strong>magnitudinem</strong></span> <span class='ocrx_word' id='word_1_224' title='bbox 1003 2868 1056 2931; x_wconf 81' lang='lat' dir='ltr'><strong>eius</strong></span> 
     </span>
     <span class='ocr_line' id='line_1_31' title="bbox 287 2960 1060 3025; baseline -0.004 -14"><span class='ocrx_word' id='word_1_225' title='bbox 287 2960 511 3025; x_wconf 79' lang='lat' dir='ltr'><strong>sepulcritodinem</strong></span> <span class='ocrx_word' id='word_1_226' title='bbox 520 2962 632 3025; x_wconf 86' lang='lat' dir='ltr'><strong>spectans</strong></span> <span class='ocrx_word' id='word_1_227' title='bbox 639 2962 744 3025; x_wconf 87' lang='lat' dir='ltr'><strong>stragem</strong></span> <span class='ocrx_word' id='word_1_228' title='bbox 753 2961 885 3010; x_wconf 87' lang='lat' dir='ltr'><strong>miseratus</strong></span> <span class='ocrx_word' id='word_1_229' title='bbox 901 2962 955 3023; x_wconf 87' lang='lat' dir='ltr'><strong>est,</strong></span> <span class='ocrx_word' id='word_1_230' title='bbox 965 2961 1060 3009; x_wconf 85' lang='lat' dir='ltr'><strong>tantam</strong></span> 
     </span>
     <span class='ocr_line' id='line_1_32' title="bbox 287 3046 1059 3113; baseline -0.005 -14"><span class='ocrx_word' id='word_1_231' title='bbox 287 3049 368 3113; x_wconf 88' lang='lat' dir='ltr'><strong>illam,</strong></span> <span class='ocrx_word' id='word_1_232' title='bbox 384 3053 501 3112; x_wconf 86' lang='lat' dir='ltr'><strong>quantam</strong></span> <span class='ocrx_word' id='word_1_233' title='bbox 513 3062 593 3111; x_wconf 85' lang='lat' dir='ltr'><strong>neque</strong></span> <span class='ocrx_word' id='word_1_234' title='bbox 604 3048 676 3110; x_wconf 73' lang='lat' dir='ltr'><strong>troia</strong></span> <span class='ocrx_word' id='word_1_235' title='bbox 690 3047 748 3098; x_wconf 90' lang='lat' dir='ltr'><strong>olim</strong></span> <span class='ocrx_word' id='word_1_236' title='bbox 764 3061 843 3110; x_wconf 83' lang='lat' dir='ltr'><strong>neque</strong></span> <span class='ocrx_word' id='word_1_237' title='bbox 856 3046 965 3109; x_wconf 77' lang='lat' dir='ltr'><strong>Babylon</strong></span> <span class='ocrx_word' id='word_1_238' title='bbox 980 3060 1059 3109; x_wconf 89' lang='lat' dir='ltr'><strong>neque</strong></span> 
     </span>
     <span class='ocr_line' id='line_1_33' title="bbox 289 3132 1059 3200; baseline -0.006 -13"><span class='ocrx_word' id='word_1_239' title='bbox 289 3137 409 3200; x_wconf 82' lang='lat' dir='ltr'><strong>carthago</strong></span> <span class='ocrx_word' id='word_1_240' title='bbox 434 3149 513 3200; x_wconf 85' lang='lat' dir='ltr'><strong>neque</strong></span> <span class='ocrx_word' id='word_1_241' title='bbox 531 3136 701 3198; x_wconf 79' lang='lat' dir='ltr'><strong>Hierosolyma</strong></span> <span class='ocrx_word' id='word_1_242' title='bbox 718 3149 797 3198; x_wconf 87' lang='lat' dir='ltr'><strong>neque</strong></span> <span class='ocrx_word' id='word_1_243' title='bbox 813 3135 861 3184; x_wconf 92' lang='lat' dir='ltr'><strong>alia</strong></span> <span class='ocrx_word' id='word_1_244' title='bbox 878 3134 928 3184; x_wconf 89' lang='lat' dir='ltr'><strong>uile</strong></span> <span class='ocrx_word' id='word_1_245' title='bbox 945 3133 1006 3183; x_wconf 90' lang='lat' dir='ltr'><strong>urbs</strong></span> <span class='ocrx_word' id='word_1_246' title='bbox 1026 3132 1059 3182; x_wconf 89' lang='lat' dir='ltr'><strong>ab</strong></span> 
     </span>
     <span class='ocr_line' id='line_1_34' title="bbox 289 3220 1057 3285; baseline -0.007 -12"><span class='ocrx_word' id='word_1_247' title='bbox 289 3224 360 3274; x_wconf 86' lang='lat' dir='ltr'><strong>hoste</strong></span> <span class='ocrx_word' id='word_1_248' title='bbox 368 3236 446 3285; x_wconf 81' lang='lat' dir='ltr'><strong>passae</strong></span> <span class='ocrx_word' id='word_1_249' title='bbox 454 3224 691 3284; x_wconf 72' lang='lat' dir='ltr'><strong>sunt—uelimus</strong></span> <span class='ocrx_word' id='word_1_250' title='bbox 700 3221 794 3271; x_wconf 87' lang='lat' dir='ltr'><strong>cladem</strong></span> <span class='ocrx_word' id='word_1_251' title='bbox 802 3234 851 3284; x_wconf 88' lang='lat' dir='ltr'><strong>qua</strong></span> <span class='ocrx_word' id='word_1_252' title='bbox 858 3221 911 3284; x_wconf 92' lang='lat' dir='ltr'><strong>ipsa</strong></span> <span class='ocrx_word' id='word_1_253' title='bbox 917 3220 1057 3271; x_wconf 85' lang='lat' dir='ltr'><strong>Constanti·</strong></span> 
     </span>
     <span class='ocr_line' id='line_1_35' title="bbox 287 3305 1058 3371; baseline -0.003 -15"><span class='ocrx_word' id='word_1_254' title='bbox 287 3306 383 3371; x_wconf 88' lang='lat' dir='ltr'><strong>nopotis</strong></span> <span class='ocrx_word' id='word_1_255' title='bbox 395 3309 493 3355; x_wconf 87' lang='lat' dir='ltr'><strong>anteaa</strong></span> <span class='ocrx_word' id='word_1_256' title='bbox 508 3306 600 3356; x_wconf 86' lang='lat' dir='ltr'><strong>Latinis</strong></span> <span class='ocrx_word' id='word_1_257' title='bbox 610 3306 700 3356; x_wconf 88' lang='lat' dir='ltr'><strong>allecta</strong></span> <span class='ocrx_word' id='word_1_258' title='bbox 712 3309 759 3365; x_wconf 86' lang='lat' dir='ltr'><strong>est,</strong></span> <span class='ocrx_word' id='word_1_259' title='bbox 768 3318 825 3355; x_wconf 88' lang='lat' dir='ltr'><strong>eum</strong></span> <span class='ocrx_word' id='word_1_260' title='bbox 834 3306 949 3369; x_wconf 81' lang='lat' dir='ltr'><strong>praesenti</strong></span> <span class='ocrx_word' id='word_1_261' title='bbox 958 3305 1058 3355; x_wconf 86' lang='lat' dir='ltr'><strong>calami-</strong></span> 
     </span>
     <span class='ocr_line' id='line_1_36' title="bbox 287 3390 1057 3454; baseline 0 -12"><span class='ocrx_word' id='word_1_262' title='bbox 287 3395 339 3442; x_wconf 87' lang='lat' dir='ltr'><strong>tate</strong></span> <span class='ocrx_word' id='word_1_263' title='bbox 352 3404 495 3454; x_wconf 84' lang='lat' dir='ltr'><strong>comparare</strong></span> <span class='ocrx_word' id='word_1_264' title='bbox 510 3392 575 3442; x_wconf 87' lang='lat' dir='ltr'><strong>lieet.</strong></span> <span class='ocrx_word' id='word_1_265' title='bbox 586 3392 626 3442; x_wconf 84' lang='lat' dir='ltr'><strong>Sic</strong></span> <span class='ocrx_word' id='word_1_266' title='bbox 639 3390 699 3440; x_wconf 89' lang='lat' dir='ltr'><strong>nihil</strong></span> <span class='ocrx_word' id='word_1_267' title='bbox 712 3391 799 3442; x_wconf 87' lang='lat' dir='ltr'><strong>stabile</strong></span> <span class='ocrx_word' id='word_1_268' title='bbox 807 3392 833 3441; x_wconf 91' lang='lat' dir='ltr'><strong>in</strong></span> <span class='ocrx_word' id='word_1_269' title='bbox 848 3392 920 3442; x_wconf 84' lang='lat' dir='ltr'><strong>rebus</strong></span> <span class='ocrx_word' id='word_1_270' title='bbox 930 3392 1057 3453; x_wconf 72' lang='lat' dir='ltr'><strong>immanis,</strong></span> 
     </span>
     <span class='ocr_line' id='line_1_37' title="bbox 288 3478 1058 3542; baseline 0.001 -15"><span class='ocrx_word' id='word_1_271' title='bbox 288 3478 429 3542; x_wconf 85' lang='lat' dir='ltr'><strong>temporum</strong></span> <span class='ocrx_word' id='word_1_272' title='bbox 442 3478 511 3527; x_wconf 80' lang='lat' dir='ltr'><strong>tluxu</strong></span> <span class='ocrx_word' id='word_1_273' title='bbox 531 3479 615 3528; x_wconf 87' lang='lat' dir='ltr'><strong>omnia</strong></span> <span class='ocrx_word' id='word_1_274' title='bbox 635 3481 771 3528; x_wconf 88' lang='lat' dir='ltr'><strong>mutantur.</strong></span> <span class='ocrx_word' id='word_1_275' title='bbox 791 3481 906 3529; x_wconf 84' lang='lat' dir='ltr'><strong>cetemm</strong></span> <span class='ocrx_word' id='word_1_276' title='bbox 926 3478 990 3528; x_wconf 89' lang='lat' dir='ltr'><strong>miro</strong></span> <span class='ocrx_word' id='word_1_277' title='bbox 1006 3480 1058 3528; x_wconf 88' lang='lat' dir='ltr'><strong>tor-</strong></span> 
     </span>
     <span class='ocr_line' id='line_1_38' title="bbox 286 3562 1059 3627; baseline 0.003 -14"><span class='ocrx_word' id='word_1_278' title='bbox 286 3566 354 3613; x_wconf 83' lang='lat' dir='ltr'><strong>tume</strong></span> <span class='ocrx_word' id='word_1_279' title='bbox 368 3575 426 3613; x_wconf 86' lang='lat' dir='ltr'><strong>casu</strong></span> <span class='ocrx_word' id='word_1_280' title='bbox 435 3562 537 3624; x_wconf 86' lang='lat' dir='ltr'><strong>accidit,</strong></span> <span class='ocrx_word' id='word_1_281' title='bbox 548 3567 578 3614; x_wconf 94' lang='lat' dir='ltr'><strong>ut</strong></span> <span class='ocrx_word' id='word_1_282' title='bbox 590 3567 644 3614; x_wconf 90' lang='lat' dir='ltr'><strong>tum</strong></span> <span class='ocrx_word' id='word_1_283' title='bbox 653 3564 747 3627; x_wconf 90' lang='lat' dir='ltr'><strong>primus</strong></span> <span class='ocrx_word' id='word_1_284' title='bbox 760 3566 813 3614; x_wconf 93' lang='lat' dir='ltr'><strong>tum</strong></span> <span class='ocrx_word' id='word_1_285' title='bbox 825 3565 926 3614; x_wconf 89' lang='lat' dir='ltr'><strong>ultimus</strong></span> <span class='ocrx_word' id='word_1_286' title='bbox 935 3565 1059 3627; x_wconf 74' lang='lat' dir='ltr'><strong>Byzantini</strong></span> 
     </span>
     <span class='ocr_line' id='line_1_39' title="bbox 287 3650 1056 3716; baseline -0.001 -14"><span class='ocrx_word' id='word_1_287' title='bbox 287 3652 354 3716; x_wconf 83' lang='lat' dir='ltr'><strong>regni</strong></span> <span class='ocrx_word' id='word_1_288' title='bbox 366 3651 500 3715; x_wconf 88' lang='lat' dir='ltr'><strong>imperator</strong></span> <span class='ocrx_word' id='word_1_289' title='bbox 510 3652 576 3701; x_wconf 84' lang='lat' dir='ltr'><strong>esset</strong></span> <span class='ocrx_word' id='word_1_290' title='bbox 589 3650 764 3701; x_wconf 86' lang='lat' dir='ltr'><strong>constantinus</strong></span> <span class='ocrx_word' id='word_1_291' title='bbox 776 3652 875 3702; x_wconf 79' lang='lat' dir='ltr'><strong>Helenae</strong></span> <span class='ocrx_word' id='word_1_292' title='bbox 887 3651 960 3702; x_wconf 88' lang='lat' dir='ltr'><strong>iilius.</strong></span> <span class='ocrx_word' id='word_1_293' title='bbox 974 3679 1006 3688; x_wconf 90' lang='lat'>-</span> <span class='ocrx_word' id='word_1_294' title='bbox 1018 3656 1056 3702; x_wconf 81' lang='lat'><strong>70.</strong></span> 
     </span>
     <span class='ocr_line' id='line_1_40' title="bbox 225 3728 1057 3802; baseline 0.002 -13"><span class='ocrx_word' id='word_1_295' title='bbox 225 3728 231 3735; x_wconf 73' lang='grc'><strong>’</strong></span> <span class='ocrx_word' id='word_1_296' title='bbox 286 3742 367 3790; x_wconf 83' lang='lat' dir='ltr'><strong>Nares</strong></span> <span class='ocrx_word' id='word_1_297' title='bbox 378 3738 490 3801; x_wconf 87' lang='lat' dir='ltr'><strong>triginta,</strong></span> <span class='ocrx_word' id='word_1_298' title='bbox 502 3752 558 3802; x_wconf 79' lang='lat' dir='ltr'><strong>quae</strong></span> <span class='ocrx_word' id='word_1_299' title='bbox 572 3752 587 3787; x_wconf 91' lang='lat' dir='ltr'><strong>a</strong></span> <span class='ocrx_word' id='word_1_300' title='bbox 601 3738 721 3788; x_wconf 87' lang='lat' dir='ltr'><strong>Pontitice</strong></span> <span class='ocrx_word' id='word_1_301' title='bbox 735 3741 843 3788; x_wconf 82' lang='lat' dir='ltr'><strong>Romano</strong></span> <span class='ocrx_word' id='word_1_302' title='bbox 859 3740 953 3789; x_wconf 80' lang='lat' dir='ltr'><strong>auxilio</strong></span> <span class='ocrx_word' id='word_1_303' title='bbox 965 3740 1057 3802; x_wconf 72' lang='lat' dir='ltr'><strong>misses,</strong></span> 
     </span>
     <span class='ocr_line' id='line_1_41' title="bbox 285 3824 1059 3890; baseline 0.001 -15"><span class='ocrx_word' id='word_1_304' title='bbox 285 3826 366 3884; x_wconf 81' lang='lat' dir='ltr'><strong>uentis</strong></span> <span class='ocrx_word' id='word_1_305' title='bbox 396 3824 524 3876; x_wconf 81' lang='lat' dir='ltr'><strong>contrariis</strong></span> <span class='ocrx_word' id='word_1_306' title='bbox 550 3826 581 3876; x_wconf 90' lang='lat' dir='ltr'><strong>ad</strong></span> <span class='ocrx_word' id='word_1_307' title='bbox 607 3825 697 3874; x_wconf 83' lang='lat' dir='ltr'><strong>chium</strong></span> <span class='ocrx_word' id='word_1_308' title='bbox 728 3825 909 3888; x_wconf 89' lang='lat' dir='ltr'><strong>detinebantur,</strong></span> <span class='ocrx_word' id='word_1_309' title='bbox 933 3830 1059 3890; x_wconf 87' lang='lat' dir='ltr'><strong>comperta</strong></span> 
     </span>
     <span class='ocr_line' id='line_1_42' title="bbox 286 3913 1058 3978; baseline 0 -13"><span class='ocrx_word' id='word_1_310' title='bbox 286 3915 355 3965; x_wconf 89' lang='lat' dir='ltr'><strong>urbis</strong></span> <span class='ocrx_word' id='word_1_311' title='bbox 364 3913 558 3978; x_wconf 84' lang='lat' dir='ltr'><strong>expugnatione,</strong></span> <span class='ocrx_word' id='word_1_312' title='bbox 571 3913 672 3963; x_wconf 88' lang='lat' dir='ltr'><strong>domum</strong></span> <span class='ocrx_word' id='word_1_313' title='bbox 686 3926 792 3963; x_wconf 77' lang='lat' dir='ltr'><strong>reversae</strong></span> <span class='ocrx_word' id='word_1_314' title='bbox 807 3915 873 3964; x_wconf 91' lang='lat' dir='ltr'><strong>sunt.</strong></span> <span class='ocrx_word' id='word_1_315' title='bbox 883 3940 916 3951; x_wconf 93' lang='lat'>-</span> <span class='ocrx_word' id='word_1_316' title='bbox 925 3917 964 3963; x_wconf 85' lang='grc'><strong>71.</strong></span> <span class='ocrx_word' id='word_1_317' title='bbox 978 3916 1058 3978; x_wconf 88' lang='lat' dir='ltr'><strong>capta</strong></span> 
     </span>
     <span class='ocr_line' id='line_1_43' title="bbox 286 4000 1060 4067; baseline 0.001 -15"><span class='ocrx_word' id='word_1_318' title='bbox 286 4002 508 4066; x_wconf 86' lang='lat' dir='ltr'><strong>Constantinopolis</strong></span> <span class='ocrx_word' id='word_1_319' title='bbox 520 4005 558 4052; x_wconf 86' lang='lat' dir='ltr'><strong>ost</strong></span> <span class='ocrx_word' id='word_1_320' title='bbox 579 4002 626 4051; x_wconf 91' lang='lat' dir='ltr'><strong>sub</strong></span> <span class='ocrx_word' id='word_1_321' title='bbox 638 4000 806 4064; x_wconf 85' lang='lat' dir='ltr'><strong>constantino,</strong></span> <span class='ocrx_word' id='word_1_322' title='bbox 818 4016 849 4052; x_wconf 83' lang='lat' dir='ltr'><strong>ex</strong></span> <span class='ocrx_word' id='word_1_323' title='bbox 862 4002 1003 4067; x_wconf 78' lang='lat' dir='ltr'><strong>Palaologis</strong></span> <span class='ocrx_word' id='word_1_324' title='bbox 1016 4002 1060 4053; x_wconf 89' lang='lat' dir='ltr'><strong>im·</strong></span> 
     </span>
     <span class='ocr_line' id='line_1_44' title="bbox 286 4088 1059 4155; baseline 0.001 -17"><span class='ocrx_word' id='word_1_325' title='bbox 286 4093 396 4152; x_wconf 88' lang='lat' dir='ltr'><strong>peratore</strong></span> <span class='ocrx_word' id='word_1_326' title='bbox 409 4090 526 4155; x_wconf 89' lang='lat' dir='ltr'><strong>septimo,</strong></span> <span class='ocrx_word' id='word_1_327' title='bbox 539 4089 597 4139; x_wconf 84' lang='lat' dir='ltr'><strong>bleii</strong></span> <span class='ocrx_word' id='word_1_328' title='bbox 605 4089 695 4139; x_wconf 86' lang='lat' dir='ltr'><strong>mensis</strong></span> <span class='ocrx_word' id='word_1_329' title='bbox 701 4088 741 4139; x_wconf 91' lang='lat' dir='ltr'><strong>die</strong></span> <span class='ocrx_word' id='word_1_330' title='bbox 755 4088 871 4139; x_wconf 79' lang='lat' dir='ltr'><strong>ricesirm</strong></span> <span class='ocrx_word' id='word_1_331' title='bbox 881 4102 961 4150; x_wconf 91' lang='lat' dir='ltr'><strong>nono,</strong></span> <span class='ocrx_word' id='word_1_332' title='bbox 973 4089 1059 4139; x_wconf 90' lang='lat' dir='ltr'><strong>mundi</strong></span> 
     </span>
     <span class='ocr_line' id='line_1_45' title="bbox 286 4174 798 4236; baseline 0 -12"><span class='ocrx_word' id='word_1_333' title='bbox 286 4179 421 4224; x_wconf 69' lang='lat' dir='ltr'><strong>annuebat</strong></span> <span class='ocrx_word' id='word_1_334' title='bbox 436 4213 442 4236; x_wconf 95' lang='lat'><strong>,</strong></span> <span class='ocrx_word' id='word_1_335' title='bbox 455 4175 560 4226; x_wconf 83' lang='lat' dir='ltr'><strong>conditas</strong></span> <span class='ocrx_word' id='word_1_336' title='bbox 575 4174 643 4225; x_wconf 91' lang='lat' dir='ltr'><strong>urbis</strong></span> <span class='ocrx_word' id='word_1_337' title='bbox 657 4189 720 4225; x_wconf 89' lang='lat' dir='ltr'><strong>anno</strong></span> <span class='ocrx_word' id='word_1_338' title='bbox 731 4180 798 4225; x_wconf 75' lang='lat' dir='ltr'><strong>llll.</strong></span> 
     </span>
    </p>

    <p class='ocr_par' dir='ltr' id='par_1_8' title="bbox 283 4261 1058 4664">
     <span class='ocr_line' id='line_1_46' title="bbox 318 4261 1058 4326; baseline 0.003 -15"><span class='ocrx_word' id='word_1_339' title='bbox 318 4265 357 4312; x_wconf 82' lang='lat'><strong>72.</strong></span> <span class='ocrx_word' id='word_1_340' title='bbox 372 4264 536 4312; x_wconf 77' lang='lat' dir='ltr'><strong>corrstarstbtt</strong></span> <span class='ocrx_word' id='word_1_341' title='bbox 555 4262 677 4326; x_wconf 69' lang='lat' dir='ltr'><strong>elogium.</strong></span> <span class='ocrx_word' id='word_1_342' title='bbox 694 4261 809 4315; x_wconf 78' lang='lat' dir='ltr'><strong>Fuitrir</strong></span> <span class='ocrx_word' id='word_1_343' title='bbox 824 4262 944 4326; x_wconf 83' lang='lat' dir='ltr'><strong>egregius,</strong></span> <span class='ocrx_word' id='word_1_344' title='bbox 958 4262 1006 4313; x_wconf 87' lang='lat' dir='ltr'><strong>illis</strong></span> <span class='ocrx_word' id='word_1_345' title='bbox 1018 4262 1058 4312; x_wconf 92' lang='lat' dir='ltr'><strong>in-</strong></span> 
     </span>
     <span class='ocr_line' id='line_1_47' title="bbox 285 4349 1055 4415; baseline -0.001 -13"><span class='ocrx_word' id='word_1_346' title='bbox 285 4349 349 4415; x_wconf 87' lang='lat' dir='ltr'><strong>genii</strong></span> <span class='ocrx_word' id='word_1_347' title='bbox 362 4349 459 4399; x_wconf 87' lang='lat' dir='ltr'><strong>dotibus</strong></span> <span class='ocrx_word' id='word_1_348' title='bbox 472 4350 591 4414; x_wconf 74' lang='lat' dir='ltr'><strong>praeditus</strong></span> <span class='ocrx_word' id='word_1_349' title='bbox 600 4364 662 4414; x_wconf 88' lang='lat' dir='ltr'><strong>quas</strong></span> <span class='ocrx_word' id='word_1_350' title='bbox 669 4350 696 4399; x_wconf 90' lang='lat' dir='ltr'><strong>in</strong></span> <span class='ocrx_word' id='word_1_351' title='bbox 702 4349 795 4400; x_wconf 85' lang='lat' dir='ltr'><strong>Pericle</strong></span> <span class='ocrx_word' id='word_1_352' title='bbox 802 4349 885 4400; x_wconf 84' lang='lat' dir='ltr'><strong>iaudat</strong></span> <span class='ocrx_word' id='word_1_353' title='bbox 892 4349 1055 4412; x_wconf 75' lang='lat' dir='ltr'><strong>Thucydides,</strong></span> 
     </span>
     <span class='ocr_line' id='line_1_48' title="bbox 286 4436 1057 4502; baseline 0.004 -15"><span class='ocrx_word' id='word_1_354' title='bbox 286 4437 329 4488; x_wconf 85' lang='lat' dir='ltr'><strong>sed</strong></span> <span class='ocrx_word' id='word_1_355' title='bbox 345 4451 389 4502; x_wconf 92' lang='lat' dir='ltr'><strong>per</strong></span> <span class='ocrx_word' id='word_1_356' title='bbox 411 4448 507 4488; x_wconf 88' lang='lat' dir='ltr'><strong>omnem</strong></span> <span class='ocrx_word' id='word_1_357' title='bbox 525 4438 601 4488; x_wconf 80' lang='lat' dir='ltr'><strong>uitam</strong></span> <span class='ocrx_word' id='word_1_358' title='bbox 624 4436 723 4499; x_wconf 79' lang='lat' dir='ltr'><strong>infelix,</strong></span> <span class='ocrx_word' id='word_1_359' title='bbox 738 4438 791 4502; x_wconf 74' lang='lat' dir='ltr'><strong>eius</strong></span> <span class='ocrx_word' id='word_1_360' title='bbox 810 4441 895 4488; x_wconf 88' lang='lat' dir='ltr'><strong>autem</strong></span> <span class='ocrx_word' id='word_1_361' title='bbox 914 4437 1012 4489; x_wconf 86' lang='lat' dir='ltr'><strong>rirtrrtis</strong></span> <span class='ocrx_word' id='word_1_362' title='bbox 1028 4442 1057 4490; x_wconf 92' lang='lat' dir='ltr'><strong>ut</strong></span> 
     </span>
     <span class='ocr_line' id='line_1_49' title="bbox 285 4524 1055 4590; baseline 0 -15"><span class='ocrx_word' id='word_1_363' title='bbox 285 4525 364 4590; x_wconf 87' lang='lat' dir='ltr'><strong>perire</strong></span> <span class='ocrx_word' id='word_1_364' title='bbox 376 4537 424 4575; x_wconf 85' lang='lat' dir='ltr'><strong>una</strong></span> <span class='ocrx_word' id='word_1_365' title='bbox 442 4538 499 4575; x_wconf 88' lang='lat' dir='ltr'><strong>eum</strong></span> <span class='ocrx_word' id='word_1_366' title='bbox 518 4526 598 4590; x_wconf 85' lang='lat' dir='ltr'><strong>putria</strong></span> <span class='ocrx_word' id='word_1_367' title='bbox 613 4539 687 4589; x_wconf 88' lang='lat' dir='ltr'><strong>quam</strong></span> <span class='ocrx_word' id='word_1_368' title='bbox 703 4538 756 4577; x_wconf 81' lang='lat' dir='ltr'><strong>suae</strong></span> <span class='ocrx_word' id='word_1_369' title='bbox 771 4524 845 4575; x_wconf 85' lang='lat' dir='ltr'><strong>saluti</strong></span> <span class='ocrx_word' id='word_1_370' title='bbox 858 4525 984 4576; x_wconf 87' lang='lat' dir='ltr'><strong>consulere</strong></span> <span class='ocrx_word' id='word_1_371' title='bbox 1005 4539 1055 4575; x_wconf 89' lang='lat' dir='ltr'><strong>ma·</strong></span> 
     </span>
     <span class='ocr_line' id='line_1_50' title="bbox 283 4612 365 4664; baseline 0.012 -2"><span class='ocrx_word' id='word_1_372' title='bbox 283 4612 365 4664; x_wconf 84' lang='lat' dir='ltr'><strong>luerit.</strong></span> 
     </span>
    </p>

    <p class='ocr_par' dir='ltr' id='par_1_9' title="bbox 284 4699 1056 5380">
     <span class='ocr_line' id='line_1_51' title="bbox 317 4699 1056 4765; baseline 0 -13"><span class='ocrx_word' id='word_1_373' title='bbox 317 4704 356 4752; x_wconf 81' lang='grc'><strong>73.</strong></span> <span class='ocrx_word' id='word_1_374' title='bbox 371 4699 538 4752; x_wconf 88' lang='lat' dir='ltr'><strong>llechemetes</strong></span> <span class='ocrx_word' id='word_1_375' title='bbox 556 4715 588 4752; x_wconf 77' lang='lat' dir='ltr'><strong>ex</strong></span> <span class='ocrx_word' id='word_1_376' title='bbox 601 4701 662 4752; x_wconf 91' lang='lat' dir='ltr'><strong>urbe</strong></span> <span class='ocrx_word' id='word_1_377' title='bbox 681 4701 706 4750; x_wconf 90' lang='lat' dir='ltr'><strong>in</strong></span> <span class='ocrx_word' id='word_1_378' title='bbox 722 4703 804 4751; x_wconf 85' lang='lat' dir='ltr'><strong>castra</strong></span> <span class='ocrx_word' id='word_1_379' title='bbox 820 4714 935 4751; x_wconf 83' lang='lat' dir='ltr'><strong>reversus</strong></span> <span class='ocrx_word' id='word_1_380' title='bbox 949 4702 1056 4765; x_wconf 78' lang='lat' dir='ltr'><strong>praedam</strong></span> 
     </span>
     <span class='ocr_line' id='line_1_52' title="bbox 284 4788 1054 4854; baseline 0.003 -16"><span class='ocrx_word' id='word_1_381' title='bbox 284 4789 416 4840; x_wconf 84' lang='lat' dir='ltr'><strong>distribuit.</strong></span> <span class='ocrx_word' id='word_1_382' title='bbox 431 4790 486 4854; x_wconf 91' lang='lat' dir='ltr'><strong>lpse</strong></span> <span class='ocrx_word' id='word_1_383' title='bbox 499 4790 545 4840; x_wconf 89' lang='lat' dir='ltr'><strong>sibi</strong></span> <span class='ocrx_word' id='word_1_384' title='bbox 554 4794 644 4854; x_wconf 74' lang='lat' dir='ltr'><strong>prater</strong></span> <span class='ocrx_word' id='word_1_385' title='bbox 654 4793 731 4841; x_wconf 88' lang='lat' dir='ltr'><strong>ratam</strong></span> <span class='ocrx_word' id='word_1_386' title='bbox 742 4788 876 4854; x_wconf 89' lang='lat' dir='ltr'><strong>spoliorum</strong></span> <span class='ocrx_word' id='word_1_387' title='bbox 885 4794 981 4853; x_wconf 87' lang='lat' dir='ltr'><strong>partem</strong></span> <span class='ocrx_word' id='word_1_388' title='bbox 992 4803 1054 4853; x_wconf 76' lang='lat' dir='ltr'><strong>pree·</strong></span> 
     </span>
     <span class='ocr_line' id='line_1_53' title="bbox 284 4878 1055 4943; baseline 0.003 -17"><span class='ocrx_word' id='word_1_389' title='bbox 284 4878 333 4928; x_wconf 89' lang='lat' dir='ltr'><strong>mla</strong></span> <span class='ocrx_word' id='word_1_390' title='bbox 344 4878 428 4942; x_wconf 77' lang='lat' dir='ltr'><strong>selegit</strong></span> <span class='ocrx_word' id='word_1_391' title='bbox 441 4881 496 4928; x_wconf 91' lang='lat' dir='ltr'><strong>tum</strong></span> <span class='ocrx_word' id='word_1_392' title='bbox 511 4879 616 4941; x_wconf 77' lang='lat' dir='ltr'><strong>virgines</strong></span> <span class='ocrx_word' id='word_1_393' title='bbox 628 4891 767 4943; x_wconf 85' lang='lat' dir='ltr'><strong>puerosque</strong></span> <span class='ocrx_word' id='word_1_394' title='bbox 779 4878 914 4937; x_wconf 82' lang='lat' dir='ltr'><strong>formosos,</strong></span> <span class='ocrx_word' id='word_1_395' title='bbox 928 4879 983 4928; x_wconf 88' lang='lat' dir='ltr'><strong>tum</strong></span> <span class='ocrx_word' id='word_1_396' title='bbox 996 4891 1055 4929; x_wconf 90' lang='lat' dir='ltr'><strong>rero</strong></span> 
     </span>
     <span class='ocr_line' id='line_1_54' title="bbox 285 4965 1055 5029; baseline 0.003 -15"><span class='ocrx_word' id='word_1_397' title='bbox 285 4965 352 5015; x_wconf 82' lang='lat' dir='ltr'><strong>uiros</strong></span> <span class='ocrx_word' id='word_1_398' title='bbox 371 4965 520 5016; x_wconf 84' lang='lat' dir='ltr'><strong>clarissimos</strong></span> <span class='ocrx_word' id='word_1_399' title='bbox 539 4966 602 5016; x_wconf 90' lang='lat' dir='ltr'><strong>inter</strong></span> <span class='ocrx_word' id='word_1_400' title='bbox 621 4979 713 5029; x_wconf 86' lang='lat' dir='ltr'><strong>eosque</strong></span> <span class='ocrx_word' id='word_1_401' title='bbox 732 4968 824 5015; x_wconf 83' lang='lat' dir='ltr'><strong>Lucam</strong></span> <span class='ocrx_word' id='word_1_402' title='bbox 845 4966 974 5025; x_wconf 69' lang='lat' dir='ltr'><strong>Ilotarum</strong></span> <span class='ocrx_word' id='word_1_403' title='bbox 993 4978 1055 5028; x_wconf 88' lang='lat' dir='ltr'><strong>quos</strong></span> 
     </span>
     <span class='ocr_line' id='line_1_55' title="bbox 285 5052 1049 5117; baseline 0.004 -18"><span class='ocrx_word' id='word_1_404' title='bbox 285 5064 369 5101; x_wconf 87' lang='lat' dir='ltr'><strong>ornnes</strong></span> <span class='ocrx_word' id='word_1_405' title='bbox 380 5054 462 5117; x_wconf 87' lang='lat' dir='ltr'><strong>magni</strong></span> <span class='ocrx_word' id='word_1_406' title='bbox 475 5054 534 5103; x_wconf 86' lang='lat' dir='ltr'><strong>tecit</strong></span> <span class='ocrx_word' id='word_1_407' title='bbox 545 5057 570 5103; x_wconf 92' lang='lat' dir='ltr'><strong>et</strong></span> <span class='ocrx_word' id='word_1_408' title='bbox 587 5053 619 5103; x_wconf 90' lang='lat' dir='ltr'><strong>ad</strong></span> <span class='ocrx_word' id='word_1_409' title='bbox 635 5066 744 5103; x_wconf 88' lang='lat' dir='ltr'><strong>summos</strong></span> <span class='ocrx_word' id='word_1_410' title='bbox 757 5052 862 5101; x_wconf 88' lang='lat' dir='ltr'><strong>bonores</strong></span> <span class='ocrx_word' id='word_1_411' title='bbox 875 5053 1049 5114; x_wconf 83' lang='lat' dir='ltr'><strong>promovisset,</strong></span> 
     </span>
     <span class='ocr_line' id='line_1_56' title="bbox 286 5137 1052 5206; baseline 0.005 -21"><span class='ocrx_word' id='word_1_412' title='bbox 286 5137 332 5186; x_wconf 88' lang='lat' dir='ltr'><strong>nisi</strong></span> <span class='ocrx_word' id='word_1_413' title='bbox 345 5139 448 5191; x_wconf 88' lang='lat' dir='ltr'><strong>aliomm</strong></span> <span class='ocrx_word' id='word_1_414' title='bbox 458 5141 627 5206; x_wconf 78' lang='lat' dir='ltr'><strong>impedivisset</strong></span> <span class='ocrx_word' id='word_1_415' title='bbox 642 5140 742 5191; x_wconf 85' lang='lat' dir='ltr'><strong>inuidia.</strong></span> <span class='ocrx_word' id='word_1_416' title='bbox 757 5138 851 5189; x_wconf 86' lang='lat' dir='ltr'><strong>Deinde</strong></span> <span class='ocrx_word' id='word_1_417' title='bbox 864 5138 967 5189; x_wconf 78' lang='lat' dir='ltr'><strong>dimimo</strong></span> <span class='ocrx_word' id='word_1_418' title='bbox 979 5152 1052 5190; x_wconf 82' lang='lat' dir='ltr'><strong>exer·</strong></span> 
     </span>
     <span class='ocr_line' id='line_1_57' title="bbox 285 5223 1053 5288; baseline 0.005 -16"><span class='ocrx_word' id='word_1_419' title='bbox 285 5223 351 5285; x_wconf 89' lang='lat' dir='ltr'><strong>citu,</strong></span> <span class='ocrx_word' id='word_1_420' title='bbox 365 5225 389 5273; x_wconf 89' lang='lat' dir='ltr'><strong>in</strong></span> <span class='ocrx_word' id='word_1_421' title='bbox 407 5226 491 5277; x_wconf 88' lang='lat' dir='ltr'><strong>urbem</strong></span> <span class='ocrx_word' id='word_1_422' title='bbox 505 5242 620 5280; x_wconf 79' lang='lat' dir='ltr'><strong>reuersus</strong></span> <span class='ocrx_word' id='word_1_423' title='bbox 637 5229 669 5279; x_wconf 90' lang='lat' dir='ltr'><strong>de</strong></span> <span class='ocrx_word' id='word_1_424' title='bbox 686 5227 888 5280; x_wconf 80' lang='lat' dir='ltr'><strong>restaurandam</strong></span> <span class='ocrx_word' id='word_1_425' title='bbox 904 5228 930 5276; x_wconf 87' lang='lat' dir='ltr'><strong>et</strong></span> <span class='ocrx_word' id='word_1_426' title='bbox 942 5226 1053 5288; x_wconf 86' lang='lat' dir='ltr'><strong>augenda</strong></span> 
     </span>
     <span class='ocr_line' id='line_1_58' title="bbox 285 5311 1054 5380; baseline 0.005 -19"><span class='ocrx_word' id='word_1_427' title='bbox 285 5314 311 5361; x_wconf 86' lang='lat' dir='ltr'><strong>et</strong></span> <span class='ocrx_word' id='word_1_428' title='bbox 322 5311 353 5362; x_wconf 89' lang='lat' dir='ltr'><strong>ad</strong></span> <span class='ocrx_word' id='word_1_429' title='bbox 366 5312 439 5376; x_wconf 81' lang='lat' dir='ltr'><strong>regie</strong></span> <span class='ocrx_word' id='word_1_430' title='bbox 454 5315 519 5364; x_wconf 80' lang='lat' dir='ltr'><strong>sedis</strong></span> <span class='ocrx_word' id='word_1_431' title='bbox 534 5316 675 5380; x_wconf 86' lang='lat' dir='ltr'><strong>dignitatem</strong></span> <span class='ocrx_word' id='word_1_432' title='bbox 696 5317 851 5380; x_wconf 82' lang='lat' dir='ltr'><strong>provehenda</strong></span> <span class='ocrx_word' id='word_1_433' title='bbox 862 5314 985 5380; x_wconf 83' lang='lat' dir='ltr'><strong>cogitauit.</strong></span> <span class='ocrx_word' id='word_1_434' title='bbox 1002 5317 1054 5365; x_wconf 79' lang='lat' dir='ltr'><strong>llo-</strong></span> 
     </span>
    </p>
   </div>
   <div class='ocr_carea' id='block_1_7' title="bbox 1113 685 1890 752">
    <p class='ocr_par' dir='ltr' id='par_1_10' title="bbox 1113 685 1890 752">
     <span class='ocr_line' id='line_1_59' title="bbox 1113 685 1890 752; baseline 0 -16"><span class='ocrx_word' id='word_1_435' title='bbox 1113 687 1189 737; x_wconf 90' lang='lat' dir='ltr'><strong>dedit.</strong></span> <span class='ocrx_word' id='word_1_436' title='bbox 1217 688 1381 752; x_wconf 82' lang='lat' dir='ltr'><strong>conspicuum</strong></span> <span class='ocrx_word' id='word_1_437' title='bbox 1408 688 1432 737; x_wconf 91' lang='lat' dir='ltr'><strong>in</strong></span> <span class='ocrx_word' id='word_1_438' title='bbox 1456 687 1536 737; x_wconf 86' lang='lat' dir='ltr'><strong>media</strong></span> <span class='ocrx_word' id='word_1_439' title='bbox 1551 687 1613 738; x_wconf 86' lang='lat' dir='ltr'><strong>urbe</strong></span> <span class='ocrx_word' id='word_1_440' title='bbox 1633 687 1715 737; x_wconf 87' lang='lat' dir='ltr'><strong>locum</strong></span> <span class='ocrx_word' id='word_1_441' title='bbox 1737 685 1890 737; x_wconf 77' lang='lat' dir='ltr'><strong>aedificandas</strong></span> 
     </span>
    </p>
   </div>
   <div class='ocr_carea' id='block_1_8' title="bbox 1114 1034 1889 1100">
    <p class='ocr_par' dir='ltr' id='par_1_11' title="bbox 1114 1034 1889 1100">
     <span class='ocr_line' id='line_1_60' title="bbox 1114 1034 1889 1100; baseline -0.003 -14"><span class='ocrx_word' id='word_1_442' title='bbox 1114 1036 1207 1086; x_wconf 80' lang='lat' dir='ltr'><strong>ceteris</strong></span> <span class='ocrx_word' id='word_1_443' title='bbox 1227 1050 1325 1099; x_wconf 87' lang='lat' dir='ltr'><strong>quoque</strong></span> <span class='ocrx_word' id='word_1_444' title='bbox 1342 1036 1445 1100; x_wconf 84' lang='lat' dir='ltr'><strong>captiuis</strong></span> <span class='ocrx_word' id='word_1_445' title='bbox 1461 1036 1504 1099; x_wconf 88' lang='lat' dir='ltr'><strong>qui</strong></span> <span class='ocrx_word' id='word_1_446' title='bbox 1526 1035 1698 1100; x_wconf 86' lang='lat' dir='ltr'><strong>redemptionis</strong></span> <span class='ocrx_word' id='word_1_447' title='bbox 1717 1034 1825 1099; x_wconf 87' lang='lat' dir='ltr'><strong>pretium</strong></span> <span class='ocrx_word' id='word_1_448' title='bbox 1841 1036 1889 1086; x_wconf 92' lang='lat' dir='ltr'><strong>do·</strong></span> 
     </span>
    </p>
   </div>
   <div class='ocr_carea' id='block_1_9' title="bbox 1113 1210 1892 1364">
    <p class='ocr_par' dir='ltr' id='par_1_12' title="bbox 1113 1210 1892 1364">
     <span class='ocr_line' id='line_1_61' title="bbox 1113 1210 1888 1274; baseline -0.005 -11"><span class='ocrx_word' id='word_1_449' title='bbox 1113 1213 1257 1274; x_wconf 81' lang='lat' dir='ltr'><strong>potestatem</strong></span> <span class='ocrx_word' id='word_1_450' title='bbox 1282 1215 1307 1262; x_wconf 88' lang='lat' dir='ltr'><strong>et</strong></span> <span class='ocrx_word' id='word_1_451' title='bbox 1323 1211 1446 1262; x_wconf 85' lang='lat' dir='ltr'><strong>domicilia</strong></span> <span class='ocrx_word' id='word_1_452' title='bbox 1471 1214 1498 1261; x_wconf 91' lang='lat' dir='ltr'><strong>et</strong></span> <span class='ocrx_word' id='word_1_453' title='bbox 1517 1210 1696 1261; x_wconf 90' lang='lat' dir='ltr'><strong>immunitatem</strong></span> <span class='ocrx_word' id='word_1_454' title='bbox 1720 1210 1799 1260; x_wconf 86' lang='lat' dir='ltr'><strong>dedit.</strong></span> <span class='ocrx_word' id='word_1_455' title='bbox 1820 1211 1888 1260; x_wconf 89' lang='lat' dir='ltr'><strong>ldern</strong></span> 
     </span>
     <span class='ocr_line' id='line_1_62' title="bbox 1113 1296 1892 1364; baseline -0.001 -16"><span class='ocrx_word' id='word_1_456' title='bbox 1113 1299 1248 1364; x_wconf 87' lang='lat' dir='ltr'><strong>principum</strong></span> <span class='ocrx_word' id='word_1_457' title='bbox 1266 1299 1377 1349; x_wconf 87' lang='lat' dir='ltr'><strong>riromm</strong></span> <span class='ocrx_word' id='word_1_458' title='bbox 1398 1311 1536 1361; x_wconf 72' lang='lat' dir='ltr'><strong>grecorum</strong></span> <span class='ocrx_word' id='word_1_459' title='bbox 1550 1296 1685 1347; x_wconf 89' lang='lat' dir='ltr'><strong>commodis</strong></span> <span class='ocrx_word' id='word_1_460' title='bbox 1707 1297 1838 1348; x_wconf 83' lang='lat' dir='ltr'><strong>consulere</strong></span> <span class='ocrx_word' id='word_1_461' title='bbox 1861 1310 1892 1347; x_wconf 86' lang='lat' dir='ltr'><strong>ae</strong></span> 
     </span>
    </p>
   </div>
   <div class='ocr_carea' id='block_1_10' title="bbox 1116 1384 1942 1448">
    <p class='ocr_par' dir='ltr' id='par_1_13' title="bbox 1116 1384 1942 1448">
     <span class='ocr_line' id='line_1_63' title="bbox 1116 1384 1942 1448; baseline -0.002 -13"><span class='ocrx_word' id='word_1_462' title='bbox 1116 1388 1234 1436; x_wconf 81' lang='lat' dir='ltr'><strong>Nolanam</strong></span> <span class='ocrx_word' id='word_1_463' title='bbox 1256 1384 1422 1435; x_wconf 81' lang='lat' dir='ltr'><strong>restauranda</strong></span> <span class='ocrx_word' id='word_1_464' title='bbox 1440 1384 1497 1435; x_wconf 90' lang='lat' dir='ltr'><strong>urbi</strong></span> <span class='ocrx_word' id='word_1_465' title='bbox 1514 1385 1657 1448; x_wconf 73' lang='lat' dir='ltr'><strong>preelectum</strong></span> <span class='ocrx_word' id='word_1_466' title='bbox 1673 1396 1757 1434; x_wconf 86' lang='lat' dir='ltr'><strong>creare</strong></span> <span class='ocrx_word' id='word_1_467' title='bbox 1775 1384 1892 1443; x_wconf 85' lang='lat' dir='ltr'><strong>uolebat,</strong></span> <span class='ocrx_word' id='word_1_468' title='bbox 1941 1416 1942 1433; x_wconf 72' lang='grc'><strong>.</strong></span> 
     </span>
    </p>
   </div>
   <div class='ocr_carea' id='block_1_11' title="bbox 1113 1470 1893 1710">
    <p class='ocr_par' dir='ltr' id='par_1_14' title="bbox 1113 1470 1893 1710">
     <span class='ocr_line' id='line_1_64' title="bbox 1115 1470 1892 1534; baseline -0.001 -11"><span class='ocrx_word' id='word_1_469' title='bbox 1115 1477 1142 1523; x_wconf 89' lang='lat' dir='ltr'><strong>at</strong></span> <span class='ocrx_word' id='word_1_470' title='bbox 1157 1475 1293 1523; x_wconf 80' lang='lat' dir='ltr'><strong>Turnacum</strong></span> <span class='ocrx_word' id='word_1_471' title='bbox 1305 1472 1397 1523; x_wconf 79' lang='lat' dir='ltr'><strong>meldis</strong></span> <span class='ocrx_word' id='word_1_472' title='bbox 1414 1472 1505 1534; x_wconf 89' lang='lat' dir='ltr'><strong>suasit,</strong></span> <span class='ocrx_word' id='word_1_473' title='bbox 1515 1474 1685 1534; x_wconf 84' lang='lat' dir='ltr'><strong>utsuspeetos</strong></span> <span class='ocrx_word' id='word_1_474' title='bbox 1697 1470 1802 1522; x_wconf 88' lang='lat' dir='ltr'><strong>baberet</strong></span> <span class='ocrx_word' id='word_1_475' title='bbox 1820 1471 1892 1522; x_wconf 83' lang='lat' dir='ltr'><strong>etde</strong></span> 
     </span>
     <span class='ocr_line' id='line_1_65' title="bbox 1114 1559 1893 1624; baseline -0.003 -14"><span class='ocrx_word' id='word_1_476' title='bbox 1114 1559 1197 1611; x_wconf 89' lang='lat' dir='ltr'><strong>medio</strong></span> <span class='ocrx_word' id='word_1_477' title='bbox 1221 1560 1303 1624; x_wconf 89' lang='lat' dir='ltr'><strong>potius</strong></span> <span class='ocrx_word' id='word_1_478' title='bbox 1321 1560 1427 1610; x_wconf 87' lang='lat' dir='ltr'><strong>tolleret.</strong></span> <span class='ocrx_word' id='word_1_479' title='bbox 1444 1562 1532 1624; x_wconf 85' lang='lat' dir='ltr'><strong>ltaque</strong></span> <span class='ocrx_word' id='word_1_480' title='bbox 1552 1571 1637 1608; x_wconf 89' lang='lat' dir='ltr'><strong>omnes</strong></span> <span class='ocrx_word' id='word_1_481' title='bbox 1660 1559 1766 1620; x_wconf 83' lang='lat' dir='ltr'><strong>(nouem</strong></span> <span class='ocrx_word' id='word_1_482' title='bbox 1786 1571 1893 1608; x_wconf 88' lang='lat' dir='ltr'><strong>numero</strong></span> 
     </span>
     <span class='ocr_line' id='line_1_66' title="bbox 1113 1644 1890 1710; baseline 0 -14"><span class='ocrx_word' id='word_1_483' title='bbox 1113 1647 1196 1710; x_wconf 86' lang='lat' dir='ltr'><strong>erant)</strong></span> <span class='ocrx_word' id='word_1_484' title='bbox 1212 1647 1270 1696; x_wconf 79' lang='lat' dir='ltr'><strong>caesi</strong></span> <span class='ocrx_word' id='word_1_485' title='bbox 1289 1650 1362 1707; x_wconf 88' lang='lat' dir='ltr'><strong>suot,</strong></span> <span class='ocrx_word' id='word_1_486' title='bbox 1379 1647 1444 1696; x_wconf 90' lang='lat' dir='ltr'><strong>inter</strong></span> <span class='ocrx_word' id='word_1_487' title='bbox 1460 1659 1552 1709; x_wconf 87' lang='lat' dir='ltr'><strong>eosque</strong></span> <span class='ocrx_word' id='word_1_488' title='bbox 1564 1660 1621 1695; x_wconf 90' lang='lat' dir='ltr'><strong>cum</strong></span> <span class='ocrx_word' id='word_1_489' title='bbox 1643 1644 1740 1696; x_wconf 88' lang='lat' dir='ltr'><strong>duobus</strong></span> <span class='ocrx_word' id='word_1_490' title='bbox 1763 1644 1823 1694; x_wconf 89' lang='lat' dir='ltr'><strong>tiliis</strong></span> <span class='ocrx_word' id='word_1_491' title='bbox 1836 1648 1890 1696; x_wconf 83' lang='lat' dir='ltr'><strong>lto·</strong></span> 
     </span>
    </p>
   </div>
   <div class='ocr_carea' id='block_1_12' title="bbox 1114 1732 1943 1797">
    <p class='ocr_par' dir='ltr' id='par_1_15' title="bbox 1114 1732 1943 1797">
     <span class='ocr_line' id='line_1_67' title="bbox 1114 1732 1943 1797; baseline 0 -14"><span class='ocrx_word' id='word_1_492' title='bbox 1114 1737 1191 1794; x_wconf 82' lang='lat' dir='ltr'><strong>taras,</strong></span> <span class='ocrx_word' id='word_1_493' title='bbox 1203 1734 1242 1783; x_wconf 82' lang='lat' dir='ltr'><strong>uir</strong></span> <span class='ocrx_word' id='word_1_494' title='bbox 1254 1734 1338 1784; x_wconf 88' lang='lat' dir='ltr'><strong>multis</strong></span> <span class='ocrx_word' id='word_1_495' title='bbox 1346 1734 1487 1784; x_wconf 89' lang='lat' dir='ltr'><strong>nominibus</strong></span> <span class='ocrx_word' id='word_1_496' title='bbox 1496 1733 1603 1797; x_wconf 85' lang='lat' dir='ltr'><strong>insignis.</strong></span> <span class='ocrx_word' id='word_1_497' title='bbox 1617 1734 1706 1784; x_wconf 86' lang='lat' dir='ltr'><strong>Postea</strong></span> <span class='ocrx_word' id='word_1_498' title='bbox 1719 1735 1804 1783; x_wconf 84' lang='lat' dir='ltr'><strong>tamen</strong></span> <span class='ocrx_word' id='word_1_499' title='bbox 1813 1732 1890 1795; x_wconf 69' lang='lat' dir='ltr'><strong>bunius</strong></span> <span class='ocrx_word' id='word_1_500' title='bbox 1942 1736 1943 1739; x_wconf 78' lang='grc'>’</span> 
     </span>
    </p>
   </div>
   <div class='ocr_carea' id='block_1_13' title="bbox 1112 1820 1897 3285">
    <p class='ocr_par' dir='ltr' id='par_1_16' title="bbox 1113 1820 1889 1975">
     <span class='ocr_line' id='line_1_68' title="bbox 1113 1820 1889 1886; baseline 0.001 -15"><span class='ocrx_word' id='word_1_501' title='bbox 1113 1822 1227 1872; x_wconf 78' lang='lat' dir='ltr'><strong>facinoris</strong></span> <span class='ocrx_word' id='word_1_502' title='bbox 1239 1835 1321 1886; x_wconf 86' lang='lat' dir='ltr'><strong>regern</strong></span> <span class='ocrx_word' id='word_1_503' title='bbox 1333 1821 1456 1886; x_wconf 77' lang='lat' dir='ltr'><strong>poeuitue,</strong></span> <span class='ocrx_word' id='word_1_504' title='bbox 1472 1825 1497 1871; x_wconf 92' lang='lat' dir='ltr'><strong>et</strong></span> <span class='ocrx_word' id='word_1_505' title='bbox 1510 1821 1535 1871; x_wconf 90' lang='lat' dir='ltr'><strong>in</strong></span> <span class='ocrx_word' id='word_1_506' title='bbox 1558 1834 1672 1872; x_wconf 84' lang='lat' dir='ltr'><strong>suasores</strong></span> <span class='ocrx_word' id='word_1_507' title='bbox 1683 1820 1889 1872; x_wconf 80' lang='lat' dir='ltr'><strong>animadversam</strong></span> 
     </span>
     <span class='ocr_line' id='line_1_69' title="bbox 1113 1907 1736 1975; baseline -0.005 -14"><span class='ocrx_word' id='word_1_508' title='bbox 1113 1914 1159 1961; x_wconf 88' lang='lat' dir='ltr'><strong>est.</strong></span> <span class='ocrx_word' id='word_1_509' title='bbox 1175 1911 1250 1963; x_wconf 89' lang='lat' dir='ltr'><strong>Urbis</strong></span> <span class='ocrx_word' id='word_1_510' title='bbox 1258 1911 1429 1975; x_wconf 81' lang='lat' dir='ltr'><strong>praetenturam</strong></span> <span class='ocrx_word' id='word_1_511' title='bbox 1446 1909 1600 1961; x_wconf 88' lang='lat' dir='ltr'><strong>Soleimanus</strong></span> <span class='ocrx_word' id='word_1_512' title='bbox 1620 1907 1736 1959; x_wconf 86' lang='lat' dir='ltr'><strong>obtinuit.</strong></span> 
     </span>
    </p>

    <p class='ocr_par' dir='ltr' id='par_1_17' title="bbox 1113 1995 1894 2498">
     <span class='ocr_line' id='line_1_70' title="bbox 1145 1995 1893 2061; baseline -0.003 -12"><span class='ocrx_word' id='word_1_513' title='bbox 1145 2003 1182 2049; x_wconf 79' lang='grc'><strong>74.</strong></span> <span class='ocrx_word' id='word_1_514' title='bbox 1197 1997 1458 2049; x_wconf 86' lang='lat' dir='ltr'><strong>Dehinclleclremetes</strong></span> <span class='ocrx_word' id='word_1_515' title='bbox 1467 1996 1647 2060; x_wconf 79' lang='lat' dir='ltr'><strong>Adrianopollm</strong></span> <span class='ocrx_word' id='word_1_516' title='bbox 1657 1995 1730 2045; x_wconf 72' lang='lat' dir='ltr'><strong>redit</strong></span> <span class='ocrx_word' id='word_1_517' title='bbox 1739 1995 1780 2059; x_wconf 84' lang='lat' dir='ltr'><strong>(ts</strong></span> <span class='ocrx_word' id='word_1_518' title='bbox 1791 1998 1893 2061; x_wconf 73' lang='lat' dir='ltr'><strong>durati),</strong></span> 
     </span>
     <span class='ocr_line' id='line_1_71' title="bbox 1115 2082 1888 2151; baseline -0.004 -14"><span class='ocrx_word' id='word_1_519' title='bbox 1115 2101 1165 2151; x_wconf 83' lang='lat' dir='ltr'><strong>quo</strong></span> <span class='ocrx_word' id='word_1_520' title='bbox 1176 2090 1294 2139; x_wconf 89' lang='lat' dir='ltr'><strong>renemnt</strong></span> <span class='ocrx_word' id='word_1_521' title='bbox 1308 2085 1339 2135; x_wconf 89' lang='lat' dir='ltr'><strong>de</strong></span> <span class='ocrx_word' id='word_1_522' title='bbox 1349 2098 1376 2134; x_wconf 89' lang='lat' dir='ltr'><strong>re</strong></span> <span class='ocrx_word' id='word_1_523' title='bbox 1390 2084 1452 2135; x_wconf 90' lang='lat' dir='ltr'><strong>bene</strong></span> <span class='ocrx_word' id='word_1_524' title='bbox 1463 2087 1531 2148; x_wconf 90' lang='lat' dir='ltr'><strong>gesta</strong></span> <span class='ocrx_word' id='word_1_525' title='bbox 1542 2083 1692 2147; x_wconf 83' lang='lat' dir='ltr'><strong>gratulantes</strong></span> <span class='ocrx_word' id='word_1_526' title='bbox 1705 2082 1779 2147; x_wconf 83' lang='lat' dir='ltr'><strong>legati</strong></span> <span class='ocrx_word' id='word_1_527' title='bbox 1789 2084 1888 2134; x_wconf 79' lang='lat' dir='ltr'><strong>Tribal</strong></span> 
     </span>
     <span class='ocr_line' id='line_1_72' title="bbox 1114 2170 1891 2237; baseline -0.003 -13"><span class='ocrx_word' id='word_1_528' title='bbox 1114 2175 1209 2237; x_wconf 89' lang='lat' dir='ltr'><strong>lorum,</strong></span> <span class='ocrx_word' id='word_1_529' title='bbox 1228 2172 1381 2237; x_wconf 79' lang='lat' dir='ltr'><strong>lllyriorum,</strong></span> <span class='ocrx_word' id='word_1_530' title='bbox 1403 2172 1648 2236; x_wconf 87' lang='lat' dir='ltr'><strong>Peloponnesiorum,</strong></span> <span class='ocrx_word' id='word_1_531' title='bbox 1671 2170 1891 2234; x_wconf 75' lang='lat' dir='ltr'><strong>Mitylenaaorum,</strong></span> 
     </span>
     <span class='ocr_line' id='line_1_73' title="bbox 1113 2258 1892 2323; baseline -0.003 -13"><span class='ocrx_word' id='word_1_532' title='bbox 1113 2261 1245 2323; x_wconf 86' lang='lat' dir='ltr'><strong>chiorum,</strong></span> <span class='ocrx_word' id='word_1_533' title='bbox 1269 2273 1354 2321; x_wconf 70' lang='lat' dir='ltr'><strong>regam</strong></span> <span class='ocrx_word' id='word_1_534' title='bbox 1368 2261 1499 2309; x_wconf 76' lang='lat' dir='ltr'><strong>Persarum</strong></span> <span class='ocrx_word' id='word_1_535' title='bbox 1520 2262 1545 2309; x_wconf 89' lang='lat' dir='ltr'><strong>et</strong></span> <span class='ocrx_word' id='word_1_536' title='bbox 1564 2258 1661 2322; x_wconf 77' lang='lat' dir='ltr'><strong>AEgypti</strong></span> <span class='ocrx_word' id='word_1_537' title='bbox 1679 2271 1790 2308; x_wconf 87' lang='lat' dir='ltr'><strong>necnon</strong></span> <span class='ocrx_word' id='word_1_538' title='bbox 1814 2259 1892 2308; x_wconf 86' lang='lat' dir='ltr'><strong>cara·</strong></span> 
     </span>
     <span class='ocr_line' id='line_1_74' title="bbox 1115 2344 1894 2411; baseline -0.006 -13"><span class='ocrx_word' id='word_1_539' title='bbox 1115 2348 1182 2399; x_wconf 90' lang='lat' dir='ltr'><strong>mani</strong></span> <span class='ocrx_word' id='word_1_540' title='bbox 1203 2347 1296 2397; x_wconf 77' lang='lat' dir='ltr'><strong>Ciliciae</strong></span> <span class='ocrx_word' id='word_1_541' title='bbox 1317 2345 1443 2411; x_wconf 87' lang='lat' dir='ltr'><strong>principis.</strong></span> <span class='ocrx_word' id='word_1_542' title='bbox 1463 2350 1482 2397; x_wconf 78' lang='lat' dir='ltr'><strong>ll</strong></span> <span class='ocrx_word' id='word_1_543' title='bbox 1502 2345 1607 2410; x_wconf 85' lang='lat' dir='ltr'><strong>captivis</strong></span> <span class='ocrx_word' id='word_1_544' title='bbox 1628 2344 1804 2408; x_wconf 87' lang='lat' dir='ltr'><strong>nobiligenere</strong></span> <span class='ocrx_word' id='word_1_545' title='bbox 1826 2347 1894 2396; x_wconf 85' lang='lat' dir='ltr'><strong>natis</strong></span> 
     </span>
     <span class='ocr_line' id='line_1_75' title="bbox 1113 2432 1890 2498; baseline -0.003 -13"><span class='ocrx_word' id='word_1_546' title='bbox 1113 2449 1155 2486; x_wconf 80' lang='lat' dir='ltr'><strong>rex</strong></span> <span class='ocrx_word' id='word_1_547' title='bbox 1166 2435 1275 2498; x_wconf 89' lang='lat' dir='ltr'><strong>corporis</strong></span> <span class='ocrx_word' id='word_1_548' title='bbox 1284 2434 1397 2484; x_wconf 89' lang='lat' dir='ltr'><strong>custodes</strong></span> <span class='ocrx_word' id='word_1_549' title='bbox 1405 2434 1557 2497; x_wconf 83' lang='lat' dir='ltr'><strong>aliarumque</strong></span> <span class='ocrx_word' id='word_1_550' title='bbox 1561 2446 1645 2483; x_wconf 90' lang='lat' dir='ltr'><strong>rerum</strong></span> <span class='ocrx_word' id='word_1_551' title='bbox 1655 2432 1781 2482; x_wconf 88' lang='lat' dir='ltr'><strong>ministros</strong></span> <span class='ocrx_word' id='word_1_552' title='bbox 1790 2433 1890 2497; x_wconf 86' lang='lat' dir='ltr'><strong>selegit.</strong></span> 
     </span>
    </p>

    <p class='ocr_par' dir='ltr' id='par_1_18' title="bbox 1112 2517 1897 3285">
     <span class='ocr_line' id='line_1_76' title="bbox 1146 2517 1890 2585; baseline -0.003 -13"><span class='ocrx_word' id='word_1_553' title='bbox 1146 2527 1185 2574; x_wconf 84' lang='grc'><strong>75.</strong></span> <span class='ocrx_word' id='word_1_554' title='bbox 1193 2521 1286 2573; x_wconf 80' lang='lat' dir='ltr'><strong>Eodem</strong></span> <span class='ocrx_word' id='word_1_555' title='bbox 1300 2526 1409 2585; x_wconf 89' lang='lat' dir='ltr'><strong>tempora</strong></span> <span class='ocrx_word' id='word_1_556' title='bbox 1419 2521 1491 2585; x_wconf 86' lang='lat' dir='ltr'><strong>legati</strong></span> <span class='ocrx_word' id='word_1_557' title='bbox 1500 2523 1619 2571; x_wconf 84' lang='lat' dir='ltr'><strong>uenemnt</strong></span> <span class='ocrx_word' id='word_1_558' title='bbox 1630 2533 1661 2569; x_wconf 82' lang='lat' dir='ltr'><strong>ex</strong></span> <span class='ocrx_word' id='word_1_559' title='bbox 1672 2519 1755 2569; x_wconf 91' lang='lat' dir='ltr'><strong>lmbro</strong></span> <span class='ocrx_word' id='word_1_560' title='bbox 1764 2523 1791 2569; x_wconf 92' lang='lat' dir='ltr'><strong>et</strong></span> <span class='ocrx_word' id='word_1_561' title='bbox 1803 2517 1890 2570; x_wconf 80' lang='lat' dir='ltr'><strong>Thaso</strong></span> 
     </span>
     <span class='ocr_line' id='line_1_77' title="bbox 1115 2606 1889 2671; baseline -0.005 -11"><span class='ocrx_word' id='word_1_562' title='bbox 1115 2614 1141 2660; x_wconf 88' lang='lat' dir='ltr'><strong>et</strong></span> <span class='ocrx_word' id='word_1_563' title='bbox 1154 2613 1244 2659; x_wconf 88' lang='lat' dir='ltr'><strong>Lemno</strong></span> <span class='ocrx_word' id='word_1_564' title='bbox 1260 2608 1355 2659; x_wconf 90' lang='lat' dir='ltr'><strong>insulis.</strong></span> <span class='ocrx_word' id='word_1_565' title='bbox 1367 2607 1494 2671; x_wconf 79' lang='lat' dir='ltr'><strong>byzantini</strong></span> <span class='ocrx_word' id='word_1_566' title='bbox 1506 2607 1594 2657; x_wconf 90' lang='lat' dir='ltr'><strong>harum</strong></span> <span class='ocrx_word' id='word_1_567' title='bbox 1608 2606 1745 2656; x_wconf 87' lang='lat' dir='ltr'><strong>insularum</strong></span> <span class='ocrx_word' id='word_1_568' title='bbox 1760 2606 1889 2669; x_wconf 69' lang='lat' dir='ltr'><strong>preteeti,</strong></span> 
     </span>
     <span class='ocr_line' id='line_1_78' title="bbox 1112 2693 1889 2761; baseline -0.004 -14"><span class='ocrx_word' id='word_1_569' title='bbox 1112 2699 1196 2748; x_wconf 88' lang='lat' dir='ltr'><strong>audita</strong></span> <span class='ocrx_word' id='word_1_570' title='bbox 1210 2697 1277 2748; x_wconf 88' lang='lat' dir='ltr'><strong>urbis</strong></span> <span class='ocrx_word' id='word_1_571' title='bbox 1294 2697 1485 2761; x_wconf 81' lang='lat' dir='ltr'><strong>expugnatione,</strong></span> <span class='ocrx_word' id='word_1_572' title='bbox 1506 2696 1530 2745; x_wconf 89' lang='lat' dir='ltr'><strong>ln</strong></span> <span class='ocrx_word' id='word_1_573' title='bbox 1548 2693 1667 2744; x_wconf 88' lang='lat' dir='ltr'><strong>italorum</strong></span> <span class='ocrx_word' id='word_1_574' title='bbox 1685 2694 1790 2744; x_wconf 87' lang='lat' dir='ltr'><strong>navibus</strong></span> <span class='ocrx_word' id='word_1_575' title='bbox 1808 2696 1889 2744; x_wconf 80' lang='lat' dir='ltr'><strong>autit-</strong></span> 
     </span>
     <span class='ocr_line' id='line_1_79' title="bbox 1112 2781 1890 2849; baseline -0.005 -13"><span class='ocrx_word' id='word_1_576' title='bbox 1112 2789 1211 2849; x_wconf 82' lang='lat' dir='ltr'><strong>gerant,</strong></span> <span class='ocrx_word' id='word_1_577' title='bbox 1228 2799 1274 2835; x_wconf 90' lang='lat' dir='ltr'><strong>nec</strong></span> <span class='ocrx_word' id='word_1_578' title='bbox 1296 2799 1343 2834; x_wconf 92' lang='lat' dir='ltr'><strong>non</strong></span> <span class='ocrx_word' id='word_1_579' title='bbox 1358 2785 1491 2834; x_wconf 76' lang='lat' dir='ltr'><strong>incolarum</strong></span> <span class='ocrx_word' id='word_1_580' title='bbox 1506 2796 1563 2847; x_wconf 88' lang='lat' dir='ltr'><strong>pars</strong></span> <span class='ocrx_word' id='word_1_581' title='bbox 1578 2782 1602 2832; x_wconf 88' lang='lat' dir='ltr'><strong>iu</strong></span> <span class='ocrx_word' id='word_1_582' title='bbox 1618 2782 1707 2832; x_wconf 83' lang='lat' dir='ltr'><strong>Chium</strong></span> <span class='ocrx_word' id='word_1_583' title='bbox 1721 2784 1748 2832; x_wconf 92' lang='lat' dir='ltr'><strong>et</strong></span> <span class='ocrx_word' id='word_1_584' title='bbox 1765 2781 1890 2832; x_wconf 81' lang='lat' dir='ltr'><strong>Euboeam</strong></span> 
     </span>
     <span class='ocr_line' id='line_1_80' title="bbox 1113 2869 1891 2934; baseline -0.006 -8"><span class='ocrx_word' id='word_1_585' title='bbox 1113 2880 1138 2926; x_wconf 87' lang='lat' dir='ltr'><strong>et</strong></span> <span class='ocrx_word' id='word_1_586' title='bbox 1150 2877 1248 2926; x_wconf 79' lang='lat' dir='ltr'><strong>cretam</strong></span> <span class='ocrx_word' id='word_1_587' title='bbox 1257 2873 1328 2924; x_wconf 85' lang='lat' dir='ltr'><strong>se&#39;des</strong></span> <span class='ocrx_word' id='word_1_588' title='bbox 1339 2873 1522 2925; x_wconf 87' lang='lat' dir='ltr'><strong>transtulerant.</strong></span> <span class='ocrx_word' id='word_1_589' title='bbox 1536 2874 1600 2920; x_wconf 79' lang='lat' dir='ltr'><strong>‘lum</strong></span> <span class='ocrx_word' id='word_1_590' title='bbox 1616 2869 1761 2920; x_wconf 83' lang='lat' dir='ltr'><strong>critobulus</strong></span> <span class='ocrx_word' id='word_1_591' title='bbox 1777 2870 1891 2934; x_wconf 86' lang='lat' dir='ltr'><strong>reliquos</strong></span> 
     </span>
     <span class='ocr_line' id='line_1_81' title="bbox 1112 2957 1891 3024; baseline -0.009 -10"><span class='ocrx_word' id='word_1_592' title='bbox 1112 2963 1182 3014; x_wconf 88' lang='lat' dir='ltr'><strong>bonis</strong></span> <span class='ocrx_word' id='word_1_593' title='bbox 1189 2962 1275 3013; x_wconf 73' lang='lat' dir='ltr'><strong>annuis</strong></span> <span class='ocrx_word' id='word_1_594' title='bbox 1286 2961 1427 3024; x_wconf 84' lang='lat' dir='ltr'><strong>essejussit‚</strong></span> <span class='ocrx_word' id='word_1_595' title='bbox 1441 2963 1465 3010; x_wconf 91' lang='lat' dir='ltr'><strong>et</strong></span> <span class='ocrx_word' id='word_1_596' title='bbox 1475 2974 1490 3009; x_wconf 91' lang='lat' dir='ltr'><strong>a</strong></span> <span class='ocrx_word' id='word_1_597' title='bbox 1501 2960 1636 3018; x_wconf 83' lang='lat' dir='ltr'><strong>cbamuza,</strong></span> <span class='ocrx_word' id='word_1_598' title='bbox 1650 2957 1774 3020; x_wconf 84' lang='lat' dir='ltr'><strong>Callipolis</strong></span> <span class='ocrx_word' id='word_1_599' title='bbox 1785 2961 1891 3023; x_wconf 82' lang='lat' dir='ltr'><strong>satrapa</strong></span> 
     </span>
     <span class='ocr_line' id='line_1_82' title="bbox 1113 3045 1894 3114; baseline -0.008 -12"><span class='ocrx_word' id='word_1_600' title='bbox 1113 3051 1246 3114; x_wconf 87' lang='lat' dir='ltr'><strong>classisque</strong></span> <span class='ocrx_word' id='word_1_601' title='bbox 1260 3049 1385 3114; x_wconf 81' lang='lat' dir='ltr'><strong>praelecto,</strong></span> <span class='ocrx_word' id='word_1_602' title='bbox 1397 3049 1428 3098; x_wconf 88' lang='lat' dir='ltr'><strong>ad</strong></span> <span class='ocrx_word' id='word_1_603' title='bbox 1440 3061 1514 3110; x_wconf 88' lang='lat' dir='ltr'><strong>quem</strong></span> <span class='ocrx_word' id='word_1_604' title='bbox 1525 3046 1588 3096; x_wconf 89' lang='lat' dir='ltr'><strong>clam</strong></span> <span class='ocrx_word' id='word_1_605' title='bbox 1598 3047 1691 3109; x_wconf 86' lang='lat' dir='ltr'><strong>legatos</strong></span> <span class='ocrx_word' id='word_1_606' title='bbox 1702 3045 1813 3107; x_wconf 89' lang='lat' dir='ltr'><strong>miserat,</strong></span> <span class='ocrx_word' id='word_1_607' title='bbox 1823 3045 1894 3096; x_wconf 88' lang='lat' dir='ltr'><strong>obti-</strong></span> 
     </span>
     <span class='ocr_line' id='line_1_83' title="bbox 1112 3131 1897 3201; baseline -0.006 -13"><span class='ocrx_word' id='word_1_608' title='bbox 1112 3139 1173 3201; x_wconf 90' lang='lat' dir='ltr'><strong>nuit,</strong></span> <span class='ocrx_word' id='word_1_609' title='bbox 1184 3142 1212 3188; x_wconf 89' lang='lat' dir='ltr'><strong>ut</strong></span> <span class='ocrx_word' id='word_1_610' title='bbox 1222 3138 1288 3187; x_wconf 91' lang='lat' dir='ltr'><strong>nullo</strong></span> <span class='ocrx_word' id='word_1_611' title='bbox 1296 3136 1382 3186; x_wconf 74' lang='lat' dir='ltr'><strong>matrim</strong></span> <span class='ocrx_word' id='word_1_612' title='bbox 1390 3135 1478 3186; x_wconf 89' lang='lat' dir='ltr'><strong>damno</strong></span> <span class='ocrx_word' id='word_1_613' title='bbox 1488 3133 1652 3183; x_wconf 81' lang='lat' dir='ltr'><strong>allicerentur.</strong></span> <span class='ocrx_word' id='word_1_614' title='bbox 1664 3134 1722 3181; x_wconf 87' lang='lat' dir='ltr'><strong>Post</strong></span> <span class='ocrx_word' id='word_1_615' title='bbox 1735 3131 1798 3191; x_wconf 75' lang='lat' dir='ltr'><strong>baec,</strong></span> <span class='ocrx_word' id='word_1_616' title='bbox 1813 3131 1897 3183; x_wconf 86' lang='lat' dir='ltr'><strong>inter·</strong></span> 
     </span>
     <span class='ocr_line' id='line_1_84' title="bbox 1112 3217 1896 3285; baseline -0.011 -9"><span class='ocrx_word' id='word_1_617' title='bbox 1112 3226 1212 3276; x_wconf 81' lang='lat' dir='ltr'><strong>cedente</strong></span> <span class='ocrx_word' id='word_1_618' title='bbox 1230 3225 1371 3285; x_wconf 83' lang='lat' dir='ltr'><strong>Cbamuza,</strong></span> <span class='ocrx_word' id='word_1_619' title='bbox 1397 3222 1549 3272; x_wconf 82' lang='lat' dir='ltr'><strong>sacerdotem</strong></span> <span class='ocrx_word' id='word_1_620' title='bbox 1564 3223 1591 3271; x_wconf 90' lang='lat' dir='ltr'><strong>et</strong></span> <span class='ocrx_word' id='word_1_621' title='bbox 1611 3220 1737 3283; x_wconf 89' lang='lat' dir='ltr'><strong>primorem</strong></span> <span class='ocrx_word' id='word_1_622' title='bbox 1754 3217 1837 3268; x_wconf 89' lang='lat' dir='ltr'><strong>lmbri</strong></span> <span class='ocrx_word' id='word_1_623' title='bbox 1861 3220 1896 3271; x_wconf 88' lang='lat' dir='ltr'><strong>ad</strong></span> 
     </span>
    </p>
   </div>
   <div class='ocr_carea' id='block_1_14' title="bbox 1112 3304 1899 3452">
    <p class='ocr_par' dir='ltr' id='par_1_19' title="bbox 1112 3304 1899 3452">
     <span class='ocr_line' id='line_1_85' title="bbox 1112 3304 1896 3375; baseline -0.008 -13"><span class='ocrx_word' id='word_1_624' title='bbox 1112 3326 1194 3375; x_wconf 88' lang='lat' dir='ltr'><strong>regem</strong></span> <span class='ocrx_word' id='word_1_625' title='bbox 1214 3310 1366 3370; x_wconf 84' lang='lat' dir='ltr'><strong>amandavit,</strong></span> <span class='ocrx_word' id='word_1_626' title='bbox 1379 3309 1423 3373; x_wconf 89' lang='lat' dir='ltr'><strong>qui</strong></span> <span class='ocrx_word' id='word_1_627' title='bbox 1442 3308 1576 3358; x_wconf 87' lang='lat' dir='ltr'><strong>insulamm</strong></span> <span class='ocrx_word' id='word_1_628' title='bbox 1589 3305 1733 3356; x_wconf 88' lang='lat' dir='ltr'><strong>deditionem</strong></span> <span class='ocrx_word' id='word_1_629' title='bbox 1746 3304 1772 3351; x_wconf 90' lang='lat' dir='ltr'><strong>et</strong></span> <span class='ocrx_word' id='word_1_630' title='bbox 1786 3304 1896 3356; x_wconf 88' lang='lat' dir='ltr'><strong>tributa</strong></span> 
     </span>
     <span class='ocr_line' id='line_1_86' title="bbox 1112 3386 1899 3452; baseline -0.006 -8"><span class='ocrx_word' id='word_1_631' title='bbox 1112 3396 1222 3444; x_wconf 75' lang='lat' dir='ltr'><strong>offerret.</strong></span> <span class='ocrx_word' id='word_1_632' title='bbox 1233 3397 1284 3444; x_wconf 79' lang='lat' dir='ltr'><strong>lies</strong></span> <span class='ocrx_word' id='word_1_633' title='bbox 1295 3406 1355 3443; x_wconf 89' lang='lat' dir='ltr'><strong>rero</strong></span> <span class='ocrx_word' id='word_1_634' title='bbox 1366 3391 1459 3441; x_wconf 91' lang='lat' dir='ltr'><strong>insulas</strong></span> <span class='ocrx_word' id='word_1_635' title='bbox 1470 3390 1496 3440; x_wconf 93' lang='lat' dir='ltr'><strong>in</strong></span> <span class='ocrx_word' id='word_1_636' title='bbox 1510 3389 1596 3439; x_wconf 84' lang='lat' dir='ltr'><strong>eadem</strong></span> <span class='ocrx_word' id='word_1_637' title='bbox 1607 3402 1655 3452; x_wconf 89' lang='lat' dir='ltr'><strong>qua</strong></span> <span class='ocrx_word' id='word_1_638' title='bbox 1669 3386 1714 3436; x_wconf 89' lang='lat' dir='ltr'><strong>sub</strong></span> <span class='ocrx_word' id='word_1_639' title='bbox 1726 3386 1899 3439; x_wconf 68' lang='lat' dir='ltr'><strong>consanum</strong></span> 
     </span>
    </p>
   </div>
   <div class='ocr_carea' id='block_1_15' title="bbox 1113 3473 1897 3541">
    <p class='ocr_par' dir='ltr' id='par_1_20' title="bbox 1113 3473 1897 3541">
     <span class='ocr_line' id='line_1_87' title="bbox 1113 3473 1897 3541; baseline -0.008 -10"><span class='ocrx_word' id='word_1_640' title='bbox 1113 3483 1209 3533; x_wconf 88' lang='lat' dir='ltr'><strong>inerant</strong></span> <span class='ocrx_word' id='word_1_641' title='bbox 1218 3480 1355 3531; x_wconf 82' lang='lat' dir='ltr'><strong>conditione</strong></span> <span class='ocrx_word' id='word_1_642' title='bbox 1366 3492 1464 3529; x_wconf 89' lang='lat' dir='ltr'><strong>manere</strong></span> <span class='ocrx_word' id='word_1_643' title='bbox 1478 3477 1601 3541; x_wconf 88' lang='lat' dir='ltr'><strong>permisit.</strong></span> <span class='ocrx_word' id='word_1_644' title='bbox 1616 3475 1677 3525; x_wconf 89' lang='lat' dir='ltr'><strong>adeo</strong></span> <span class='ocrx_word' id='word_1_645' title='bbox 1687 3476 1717 3523; x_wconf 87' lang='lat' dir='ltr'><strong>ut</strong></span> <span class='ocrx_word' id='word_1_646' title='bbox 1729 3473 1834 3523; x_wconf 85' lang='lat' dir='ltr'><strong>imbrus</strong></span> <span class='ocrx_word' id='word_1_647' title='bbox 1846 3477 1897 3525; x_wconf 89' lang='lat' dir='ltr'><strong>Pa·</strong></span> 
     </span>
    </p>
   </div>
   <div class='ocr_carea' id='block_1_16' title="bbox 1111 3560 1898 3977">
    <p class='ocr_par' dir='ltr' id='par_1_21' title="bbox 1111 3560 1898 3894">
     <span class='ocr_line' id='line_1_88' title="bbox 1111 3560 1897 3632; baseline -0.008 -13"><span class='ocrx_word' id='word_1_648' title='bbox 1111 3570 1215 3632; x_wconf 86' lang='lat' dir='ltr'><strong>lamedi,</strong></span> <span class='ocrx_word' id='word_1_649' title='bbox 1229 3569 1284 3618; x_wconf 84' lang='lat' dir='ltr'><strong>AEni</strong></span> <span class='ocrx_word' id='word_1_650' title='bbox 1296 3566 1364 3617; x_wconf 87' lang='lat' dir='ltr'><strong>urbis</strong></span> <span class='ocrx_word' id='word_1_651' title='bbox 1383 3565 1498 3631; x_wconf 91' lang='lat' dir='ltr'><strong>principi,</strong></span> <span class='ocrx_word' id='word_1_652' title='bbox 1518 3564 1615 3614; x_wconf 86' lang='lat' dir='ltr'><strong>Thasns</strong></span> <span class='ocrx_word' id='word_1_653' title='bbox 1633 3565 1715 3612; x_wconf 88' lang='lat' dir='ltr'><strong>autem</strong></span> <span class='ocrx_word' id='word_1_654' title='bbox 1734 3562 1759 3611; x_wconf 87' lang='lat' dir='ltr'><strong>et</strong></span> <span class='ocrx_word' id='word_1_655' title='bbox 1778 3560 1897 3614; x_wconf 81' lang='lat' dir='ltr'><strong>Lemnos</strong></span> 
     </span>
     <span class='ocr_line' id='line_1_89' title="bbox 1112 3648 1898 3719; baseline -0.009 -13"><span class='ocrx_word' id='word_1_656' title='bbox 1112 3657 1214 3717; x_wconf 84' lang='lat' dir='ltr'><strong>Dorieo,</strong></span> <span class='ocrx_word' id='word_1_657' title='bbox 1226 3655 1353 3719; x_wconf 80' lang='lat' dir='ltr'><strong>Mitylenes</strong></span> <span class='ocrx_word' id='word_1_658' title='bbox 1364 3654 1476 3713; x_wconf 89' lang='lat' dir='ltr'><strong>domino,</strong></span> <span class='ocrx_word' id='word_1_659' title='bbox 1487 3651 1593 3703; x_wconf 80' lang='lat' dir='ltr'><strong>subditas</strong></span> <span class='ocrx_word' id='word_1_660' title='bbox 1605 3652 1693 3700; x_wconf 78' lang='lat' dir='ltr'><strong>essem.</strong></span> <span class='ocrx_word' id='word_1_661' title='bbox 1708 3649 1830 3698; x_wconf 85' lang='lat' dir='ltr'><strong>cetemm</strong></span> <span class='ocrx_word' id='word_1_662' title='bbox 1843 3648 1898 3699; x_wconf 87' lang='lat' dir='ltr'><strong>Pa·</strong></span> 
     </span>
     <span class='ocr_line' id='line_1_90' title="bbox 1111 3735 1894 3805; baseline -0.013 -11"><span class='ocrx_word' id='word_1_663' title='bbox 1111 3743 1219 3794; x_wconf 87' lang='lat' dir='ltr'><strong>lamodes</strong></span> <span class='ocrx_word' id='word_1_664' title='bbox 1235 3742 1375 3793; x_wconf 83' lang='lat' dir='ltr'><strong>albericus</strong></span> <span class='ocrx_word' id='word_1_665' title='bbox 1389 3738 1588 3805; x_wconf 87' lang='lat' dir='ltr'><strong>ipsiquoquead</strong></span> <span class='ocrx_word' id='word_1_666' title='bbox 1603 3750 1684 3801; x_wconf 86' lang='lat' dir='ltr'><strong>regem</strong></span> <span class='ocrx_word' id='word_1_667' title='bbox 1704 3735 1797 3798; x_wconf 81' lang='lat' dir='ltr'><strong>legatos</strong></span> <span class='ocrx_word' id='word_1_668' title='bbox 1813 3736 1894 3786; x_wconf 68' lang='lat' dir='ltr'><strong>mim·</strong></span> 
     </span>
     <span class='ocr_line' id='line_1_91' title="bbox 1112 3824 1681 3894; baseline -0.016 -12"><span class='ocrx_word' id='word_1_669' title='bbox 1112 3834 1176 3887; x_wconf 84' lang='lat' dir='ltr'><strong>rant,</strong></span> <span class='ocrx_word' id='word_1_670' title='bbox 1189 3844 1295 3894; x_wconf 86' lang='lat' dir='ltr'><strong>quorum</strong></span> <span class='ocrx_word' id='word_1_671' title='bbox 1310 3829 1410 3879; x_wconf 89' lang='lat' dir='ltr'><strong>consilia</strong></span> <span class='ocrx_word' id='word_1_672' title='bbox 1423 3827 1518 3892; x_wconf 86' lang='lat' dir='ltr'><strong>adjuvit</strong></span> <span class='ocrx_word' id='word_1_673' title='bbox 1530 3824 1681 3876; x_wconf 84' lang='lat' dir='ltr'><strong>critobulus.</strong></span> 
     </span>
    </p>

    <p class='ocr_par' dir='ltr' id='par_1_22' title="bbox 1142 3911 1896 3977">
     <span class='ocr_line' id='line_1_92' title="bbox 1142 3911 1896 3977; baseline -0.005 -9"><span class='ocrx_word' id='word_1_674' title='bbox 1142 3923 1184 3969; x_wconf 79' lang='lat' dir='ltr'><strong>lu.</strong></span> <span class='ocrx_word' id='word_1_675' title='bbox 1206 3917 1297 3968; x_wconf 90' lang='lat' dir='ltr'><strong>lisdem</strong></span> <span class='ocrx_word' id='word_1_676' title='bbox 1316 3917 1403 3966; x_wconf 86' lang='lat' dir='ltr'><strong>diebus</strong></span> <span class='ocrx_word' id='word_1_677' title='bbox 1417 3915 1535 3977; x_wconf 84' lang='lat' dir='ltr'><strong>chaliles,</strong></span> <span class='ocrx_word' id='word_1_678' title='bbox 1556 3927 1667 3964; x_wconf 90' lang='lat' dir='ltr'><strong>summus</strong></span> <span class='ocrx_word' id='word_1_679' title='bbox 1685 3912 1749 3976; x_wconf 84' lang='lat' dir='ltr'><strong>regis</strong></span> <span class='ocrx_word' id='word_1_680' title='bbox 1764 3911 1896 3973; x_wconf 89' lang='lat' dir='ltr'><strong>minister,</strong></span> 
     </span>
    </p>
   </div>
   <div class='ocr_carea' id='block_1_17' title="bbox 1110 3998 1898 4155">
    <p class='ocr_par' dir='ltr' id='par_1_23' title="bbox 1110 3998 1898 4155">
     <span class='ocr_line' id='line_1_93' title="bbox 1111 3998 1894 4069; baseline -0.006 -13"><span class='ocrx_word' id='word_1_681' title='bbox 1111 4006 1154 4069; x_wconf 88' lang='lat' dir='ltr'><strong>qul</strong></span> <span class='ocrx_word' id='word_1_682' title='bbox 1170 4005 1262 4056; x_wconf 81' lang='lat' dir='ltr'><strong>badum</strong></span> <span class='ocrx_word' id='word_1_683' title='bbox 1277 4007 1360 4054; x_wconf 90' lang='lat' dir='ltr'><strong>contra</strong></span> <span class='ocrx_word' id='word_1_684' title='bbox 1379 4003 1566 4053; x_wconf 83' lang='lat' dir='ltr'><strong>Constantinum</strong></span> <span class='ocrx_word' id='word_1_685' title='bbox 1579 4001 1731 4051; x_wconf 85' lang='lat' dir='ltr'><strong>dissuaserat</strong></span> <span class='ocrx_word' id='word_1_686' title='bbox 1740 4001 1766 4049; x_wconf 90' lang='lat' dir='ltr'><strong>et</strong></span> <span class='ocrx_word' id='word_1_687' title='bbox 1783 3998 1894 4051; x_wconf 79' lang='lat' dir='ltr'><strong>clande-</strong></span> 
     </span>
     <span class='ocr_line' id='line_1_94' title="bbox 1110 4086 1898 4155; baseline -0.008 -13"><span class='ocrx_word' id='word_1_688' title='bbox 1110 4092 1174 4142; x_wconf 92' lang='lat' dir='ltr'><strong>stino</strong></span> <span class='ocrx_word' id='word_1_689' title='bbox 1188 4093 1220 4142; x_wconf 89' lang='lat' dir='ltr'><strong>ab</strong></span> <span class='ocrx_word' id='word_1_690' title='bbox 1232 4091 1340 4142; x_wconf 85' lang='lat' dir='ltr'><strong>hostiurn</strong></span> <span class='ocrx_word' id='word_1_691' title='bbox 1359 4089 1470 4155; x_wconf 87' lang='lat' dir='ltr'><strong>partibus</strong></span> <span class='ocrx_word' id='word_1_692' title='bbox 1487 4089 1584 4138; x_wconf 82' lang='lat' dir='ltr'><strong>stetisse</strong></span> <span class='ocrx_word' id='word_1_693' title='bbox 1597 4086 1763 4150; x_wconf 86' lang='lat' dir='ltr'><strong>deprehensus</strong></span> <span class='ocrx_word' id='word_1_694' title='bbox 1781 4088 1852 4147; x_wconf 76' lang='lat' dir='ltr'><strong>erse,</strong></span> <span class='ocrx_word' id='word_1_695' title='bbox 1869 4087 1898 4136; x_wconf 83' lang='lat' dir='ltr'><strong>in</strong></span> 
     </span>
    </p>
   </div>
   <div class='ocr_carea' id='block_1_18' title="bbox 1109 4172 1898 4331">
    <p class='ocr_par' dir='ltr' id='par_1_24' title="bbox 1109 4172 1898 4331">
     <span class='ocr_line' id='line_1_95' title="bbox 1110 4172 1896 4242; baseline -0.011 -13"><span class='ocrx_word' id='word_1_696' title='bbox 1110 4192 1234 4230; x_wconf 88' lang='lat' dir='ltr'><strong>carcerem</strong></span> <span class='ocrx_word' id='word_1_697' title='bbox 1251 4178 1375 4242; x_wconf 84' lang='lat' dir='ltr'><strong>conjectus</strong></span> <span class='ocrx_word' id='word_1_698' title='bbox 1385 4180 1410 4227; x_wconf 91' lang='lat' dir='ltr'><strong>et</strong></span> <span class='ocrx_word' id='word_1_699' title='bbox 1424 4190 1482 4226; x_wconf 79' lang='lat' dir='ltr'><strong>mox</strong></span> <span class='ocrx_word' id='word_1_700' title='bbox 1493 4174 1588 4225; x_wconf 85' lang='lat' dir='ltr'><strong>occisus</strong></span> <span class='ocrx_word' id='word_1_701' title='bbox 1603 4176 1642 4223; x_wconf 90' lang='lat' dir='ltr'><strong>est</strong></span> <span class='ocrx_word' id='word_1_702' title='bbox 1653 4176 1680 4233; x_wconf 86' lang='lat' dir='ltr'><strong>(t</strong></span> <span class='ocrx_word' id='word_1_703' title='bbox 1696 4172 1786 4231; x_wconf 80' lang='lat' dir='ltr'><strong>lulli).</strong></span> <span class='ocrx_word' id='word_1_704' title='bbox 1804 4174 1896 4237; x_wconf 77' lang='lat' dir='ltr'><strong>opes,</strong></span> 
     </span>
     <span class='ocr_line' id='line_1_96' title="bbox 1109 4258 1898 4331; baseline -0.009 -14"><span class='ocrx_word' id='word_1_705' title='bbox 1109 4281 1172 4331; x_wconf 85' lang='lat' dir='ltr'><strong>quas</strong></span> <span class='ocrx_word' id='word_1_706' title='bbox 1188 4266 1279 4317; x_wconf 90' lang='lat' dir='ltr'><strong>multas</strong></span> <span class='ocrx_word' id='word_1_707' title='bbox 1290 4264 1431 4327; x_wconf 83' lang='lat' dir='ltr'><strong>reliquerat,</strong></span> <span class='ocrx_word' id='word_1_708' title='bbox 1451 4262 1557 4327; x_wconf 88' lang='lat' dir='ltr'><strong>primum</strong></span> <span class='ocrx_word' id='word_1_709' title='bbox 1573 4260 1632 4311; x_wconf 86' lang='lat' dir='ltr'><strong>fisco</strong></span> <span class='ocrx_word' id='word_1_710' title='bbox 1642 4260 1782 4322; x_wconf 69' lang='lat' dir='ltr'><strong>discriptas,</strong></span> <span class='ocrx_word' id='word_1_711' title='bbox 1797 4258 1898 4310; x_wconf 85' lang='lat' dir='ltr'><strong>deinde</strong></span> 
     </span>
    </p>
   </div>
   <div class='ocr_carea' id='block_1_19' title="bbox 1108 4345 1898 4768">
    <p class='ocr_par' dir='ltr' id='par_1_25' title="bbox 1108 4345 1898 4768">
     <span class='ocr_line' id='line_1_97' title="bbox 1111 4345 1898 4405; baseline -0.009 0"><span class='ocrx_word' id='word_1_712' title='bbox 1111 4368 1170 4405; x_wconf 86' lang='lat' dir='ltr'><strong>vero</strong></span> <span class='ocrx_word' id='word_1_713' title='bbox 1188 4353 1244 4404; x_wconf 89' lang='lat' dir='ltr'><strong>tillls</strong></span> <span class='ocrx_word' id='word_1_714' title='bbox 1260 4352 1415 4403; x_wconf 88' lang='lat' dir='ltr'><strong>condemnati</strong></span> <span class='ocrx_word' id='word_1_715' title='bbox 1434 4350 1537 4401; x_wconf 73' lang='lat' dir='ltr'><strong>redditae</strong></span> <span class='ocrx_word' id='word_1_716' title='bbox 1556 4352 1621 4400; x_wconf 88' lang='lat' dir='ltr'><strong>sunt.</strong></span> <span class='ocrx_word' id='word_1_717' title='bbox 1645 4346 1771 4398; x_wconf 88' lang='lat' dir='ltr'><strong>inlocum</strong></span> <span class='ocrx_word' id='word_1_718' title='bbox 1787 4345 1898 4398; x_wconf 83' lang='lat' dir='ltr'><strong>chalilis</strong></span> 
     </span>
     <span class='ocr_line' id='line_1_98' title="bbox 1109 4435 1898 4499; baseline -0.011 -6"><span class='ocrx_word' id='word_1_719' title='bbox 1109 4445 1210 4492; x_wconf 87' lang='lat' dir='ltr'><strong>lsaaeus</strong></span> <span class='ocrx_word' id='word_1_720' title='bbox 1232 4440 1360 4492; x_wconf 71' lang='lat' dir='ltr'><strong>successit.</strong></span> <span class='ocrx_word' id='word_1_721' title='bbox 1381 4466 1412 4476; x_wconf 92' lang='lat'>-</span> <span class='ocrx_word' id='word_1_722' title='bbox 1432 4441 1471 4488; x_wconf 94' lang='grc'><strong>77.</strong></span> <span class='ocrx_word' id='word_1_723' title='bbox 1493 4437 1583 4488; x_wconf 85' lang='lat' dir='ltr'><strong>Paucis</strong></span> <span class='ocrx_word' id='word_1_724' title='bbox 1596 4435 1684 4486; x_wconf 89' lang='lat' dir='ltr'><strong>diebus</strong></span> <span class='ocrx_word' id='word_1_725' title='bbox 1703 4438 1759 4497; x_wconf 89' lang='lat' dir='ltr'><strong>post</strong></span> <span class='ocrx_word' id='word_1_726' title='bbox 1776 4436 1898 4499; x_wconf 76' lang='lat' dir='ltr'><strong>zaganm</strong></span> 
     </span>
     <span class='ocr_line' id='line_1_99' title="bbox 1108 4522 1896 4593; baseline -0.009 -12"><span class='ocrx_word' id='word_1_727' title='bbox 1108 4543 1206 4593; x_wconf 81' lang='lat' dir='ltr'><strong>quoque</strong></span> <span class='ocrx_word' id='word_1_728' title='bbox 1216 4541 1339 4579; x_wconf 85' lang='lat' dir='ltr'><strong>amouere</strong></span> <span class='ocrx_word' id='word_1_729' title='bbox 1348 4530 1457 4578; x_wconf 88' lang='lat' dir='ltr'><strong>remotus</strong></span> <span class='ocrx_word' id='word_1_730' title='bbox 1466 4529 1491 4575; x_wconf 87' lang='lat' dir='ltr'><strong>et</strong></span> <span class='ocrx_word' id='word_1_731' title='bbox 1502 4524 1552 4575; x_wconf 85' lang='lat' dir='ltr'><strong>iilia</strong></span> <span class='ocrx_word' id='word_1_732' title='bbox 1564 4523 1626 4585; x_wconf 85' lang='lat' dir='ltr'><strong>ejus,</strong></span> <span class='ocrx_word' id='word_1_733' title='bbox 1636 4522 1786 4586; x_wconf 85' lang='lat' dir='ltr'><strong>quaminter</strong></span> <span class='ocrx_word' id='word_1_734' title='bbox 1796 4536 1896 4574; x_wconf 78' lang='lat' dir='ltr'><strong>uxores</strong></span> 
     </span>
     <span class='ocr_line' id='line_1_100' title="bbox 1108 4607 1894 4682; baseline -0.009 -15"><span class='ocrx_word' id='word_1_735' title='bbox 1108 4632 1150 4668; x_wconf 78' lang='lat' dir='ltr'><strong>rer</strong></span> <span class='ocrx_word' id='word_1_736' title='bbox 1166 4631 1244 4682; x_wconf 88' lang='lat' dir='ltr'><strong>nuper</strong></span> <span class='ocrx_word' id='word_1_737' title='bbox 1253 4618 1391 4680; x_wconf 86' lang='lat' dir='ltr'><strong>receperat,</strong></span> <span class='ocrx_word' id='word_1_738' title='bbox 1407 4613 1508 4663; x_wconf 89' lang='lat' dir='ltr'><strong>dimissa</strong></span> <span class='ocrx_word' id='word_1_739' title='bbox 1517 4615 1563 4664; x_wconf 88' lang='lat' dir='ltr'><strong>est.</strong></span> <span class='ocrx_word' id='word_1_740' title='bbox 1578 4608 1735 4661; x_wconf 86' lang='lat' dir='ltr'><strong>Domieilium</strong></span> <span class='ocrx_word' id='word_1_741' title='bbox 1748 4607 1781 4660; x_wconf 88' lang='lat' dir='ltr'><strong>iis</strong></span> <span class='ocrx_word' id='word_1_742' title='bbox 1790 4609 1818 4660; x_wconf 89' lang='lat' dir='ltr'><strong>in</strong></span> <span class='ocrx_word' id='word_1_743' title='bbox 1831 4611 1894 4661; x_wconf 76' lang='lat' dir='ltr'><strong>Asia</strong></span> 
     </span>
     <span class='ocr_line' id='line_1_101' title="bbox 1108 4698 1893 4768; baseline -0.009 -12"><span class='ocrx_word' id='word_1_744' title='bbox 1108 4706 1265 4765; x_wconf 73' lang='lat' dir='ltr'><strong>assignatum.</strong></span> <span class='ocrx_word' id='word_1_745' title='bbox 1278 4707 1373 4768; x_wconf 86' lang='lat' dir='ltr'><strong>zagano</strong></span> <span class='ocrx_word' id='word_1_746' title='bbox 1383 4698 1504 4752; x_wconf 86' lang='lat' dir='ltr'><strong>suitectus</strong></span> <span class='ocrx_word' id='word_1_747' title='bbox 1514 4703 1552 4750; x_wconf 90' lang='lat' dir='ltr'><strong>est</strong></span> <span class='ocrx_word' id='word_1_748' title='bbox 1566 4698 1754 4756; x_wconf 86' lang='lat' dir='ltr'><strong>blachumutes,</strong></span> <span class='ocrx_word' id='word_1_749' title='bbox 1767 4699 1815 4760; x_wconf 85' lang='lat' dir='ltr'><strong>qui</strong></span> <span class='ocrx_word' id='word_1_750' title='bbox 1825 4700 1893 4749; x_wconf 85' lang='lat' dir='ltr'><strong>alte·</strong></span> 
     </span>
    </p>
   </div>
   <div class='ocr_carea' id='block_1_20' title="bbox 1107 4786 1895 4942">
    <p class='ocr_par' dir='ltr' id='par_1_26' title="bbox 1107 4786 1895 4942">
     <span class='ocr_line' id='line_1_102' title="bbox 1107 4786 1895 4857; baseline -0.01 -14"><span class='ocrx_word' id='word_1_751' title='bbox 1107 4806 1159 4844; x_wconf 88' lang='lat' dir='ltr'><strong>ram</strong></span> <span class='ocrx_word' id='word_1_752' title='bbox 1167 4793 1254 4857; x_wconf 83' lang='lat' dir='ltr'><strong>Zagani</strong></span> <span class='ocrx_word' id='word_1_753' title='bbox 1265 4791 1339 4841; x_wconf 77' lang='lat' dir='ltr'><strong>iriam</strong></span> <span class='ocrx_word' id='word_1_754' title='bbox 1347 4791 1460 4851; x_wconf 84' lang='lat' dir='ltr'><strong>duxerat,</strong></span> <span class='ocrx_word' id='word_1_755' title='bbox 1473 4787 1512 4838; x_wconf 81' lang='lat' dir='ltr'><strong>vir</strong></span> <span class='ocrx_word' id='word_1_756' title='bbox 1524 4786 1624 4851; x_wconf 86' lang='lat' dir='ltr'><strong>paterne</strong></span> <span class='ocrx_word' id='word_1_757' title='bbox 1632 4788 1658 4835; x_wconf 90' lang='lat' dir='ltr'><strong>et</strong></span> <span class='ocrx_word' id='word_1_758' title='bbox 1671 4787 1786 4835; x_wconf 88' lang='lat' dir='ltr'><strong>materna</strong></span> <span class='ocrx_word' id='word_1_759' title='bbox 1795 4786 1895 4850; x_wconf 83' lang='lat' dir='ltr'><strong>origine</strong></span> 
     </span>
     <span class='ocr_line' id='line_1_103' title="bbox 1108 4871 1895 4942; baseline -0.011 -12"><span class='ocrx_word' id='word_1_760' title='bbox 1108 4883 1226 4942; x_wconf 77' lang='lat' dir='ltr'><strong>Grecos,</strong></span> <span class='ocrx_word' id='word_1_761' title='bbox 1243 4878 1366 4942; x_wconf 86' lang='lat' dir='ltr'><strong>nullisque</strong></span> <span class='ocrx_word' id='word_1_762' title='bbox 1392 4890 1440 4926; x_wconf 91' lang='lat' dir='ltr'><strong>non</strong></span> <span class='ocrx_word' id='word_1_763' title='bbox 1458 4877 1558 4925; x_wconf 84' lang='lat' dir='ltr'><strong>ornatus</strong></span> <span class='ocrx_word' id='word_1_764' title='bbox 1576 4871 1717 4923; x_wconf 80' lang='lat' dir='ltr'><strong>virtutibus.</strong></span> <span class='ocrx_word' id='word_1_765' title='bbox 1742 4873 1806 4922; x_wconf 85' lang='lat' dir='ltr'><strong>Post</strong></span> <span class='ocrx_word' id='word_1_766' title='bbox 1837 4874 1895 4922; x_wconf 79' lang='lat' dir='ltr'><strong>trane</strong></span> 
     </span>
    </p>
   </div>
   <div class='ocr_carea' id='block_1_21' title="bbox 1108 4959 1896 5120">
    <p class='ocr_par' dir='ltr' id='par_1_27' title="bbox 1108 4959 1896 5120">
     <span class='ocr_line' id='line_1_104' title="bbox 1110 4959 1896 5030; baseline -0.01 -13"><span class='ocrx_word' id='word_1_767' title='bbox 1110 4967 1238 5017; x_wconf 86' lang='lat' dir='ltr'><strong>auctumni</strong></span> <span class='ocrx_word' id='word_1_768' title='bbox 1264 4970 1374 5030; x_wconf 87' lang='lat' dir='ltr'><strong>tempore</strong></span> <span class='ocrx_word' id='word_1_769' title='bbox 1398 4978 1441 5014; x_wconf 83' lang='lat' dir='ltr'><strong>rex</strong></span> <span class='ocrx_word' id='word_1_770' title='bbox 1463 4959 1619 5022; x_wconf 77' lang='lat' dir='ltr'><strong>adrianopoli</strong></span> <span class='ocrx_word' id='word_1_771' title='bbox 1647 4959 1896 5024; x_wconf 78' lang='lat' dir='ltr'><strong>constantinopolim</strong></span> 
     </span>
     <span class='ocr_line' id='line_1_105' title="bbox 1108 5046 1896 5120; baseline -0.006 -17"><span class='ocrx_word' id='word_1_772' title='bbox 1108 5055 1233 5120; x_wconf 85' lang='lat' dir='ltr'><strong>protectus</strong></span> <span class='ocrx_word' id='word_1_773' title='bbox 1250 5058 1296 5105; x_wconf 87' lang='lat' dir='ltr'><strong>est.</strong></span> <span class='ocrx_word' id='word_1_774' title='bbox 1319 5079 1349 5090; x_wconf 94' lang='lat'><em>-</em></span> <span class='ocrx_word' id='word_1_775' title='bbox 1361 5051 1424 5102; x_wconf 80' lang='lat' dir='ltr'><strong>Exiit</strong></span> <span class='ocrx_word' id='word_1_776' title='bbox 1435 5048 1522 5100; x_wconf 88' lang='lat' dir='ltr'><strong>mundi</strong></span> <span class='ocrx_word' id='word_1_777' title='bbox 1536 5058 1615 5099; x_wconf 73' lang='lat' dir='ltr'><strong>mnus</strong></span> <span class='ocrx_word' id='word_1_778' title='bbox 1632 5051 1692 5097; x_wconf 79' lang='grc'>6961</span> <span class='ocrx_word' id='word_1_779' title='bbox 1702 5080 1711 5109; x_wconf 84' lang='grc'><em>,</em></span> <span class='ocrx_word' id='word_1_780' title='bbox 1723 5046 1792 5111; x_wconf 85' lang='lat' dir='ltr'><strong>rogis</strong></span> <span class='ocrx_word' id='word_1_781' title='bbox 1809 5060 1896 5099; x_wconf 64' lang='lat' dir='ltr'><strong>annm</strong></span> 
     </span>
    </p>
   </div>
   <div class='ocr_carea' id='block_1_22' title="bbox 1108 5142 1204 5193">
    <p class='ocr_par' dir='ltr' id='par_1_28' title="bbox 1108 5142 1204 5193">
     <span class='ocr_line' id='line_1_106' title="bbox 1108 5142 1204 5193; baseline 0.01 -1"><span class='ocrx_word' id='word_1_782' title='bbox 1108 5142 1204 5193; x_wconf 88' lang='lat' dir='ltr'><strong>tertius.</strong></span> 
     </span>
    </p>
   </div>
   <div class='ocr_carea' id='block_1_23' title="bbox 1424 5274 1556 5289">
    <p class='ocr_par' dir='ltr' id='par_1_29' title="bbox 1424 5274 1556 5289">
     <span class='ocr_line' id='line_1_107' title="bbox 1424 5274 1556 5289; baseline -0.015 0"><span class='ocrx_word' id='word_1_783' title='bbox 1424 5274 1556 5289; x_wconf 42' lang='grc' dir='ltr'><strong><em>β</em></strong></span> 
     </span>
    </p>
   </div>
   <div class='ocr_carea' id='block_1_24' title="bbox 0 0 1958 6034">
    <p class='ocr_par' dir='ltr' id='par_1_30' title="bbox 0 0 1958 6034">
     <span class='ocr_line' id='line_1_108' title="bbox 0 0 1958 6034; baseline 0 1"><span class='ocrx_word' id='word_1_784' title='bbox 0 0 1958 6034; x_wconf 95' lang='lat' dir='ltr'><strong> </strong></span> 
     </span>
    </p>
   </div>
  </div>
 </body>
</html>
