3890 6044
22 450 24 487 t

22 502 23 525 ¹
67 521 192 605 septennii
211 517 378 579 differentia
391 516 476 575 simili
490 514 578 573 modo
593 514 716 593 probari
737 517 856 593 nequit,
869 516 920 575 sed
936 516 1055 575 aliunde
1070 516 1198 575 eruenda
1211 530 1265 579 est.
1280 517 1414 576 Ceterum
1435 529 1585 596 computo·
1626 532 1631 541 ’
1679 544 1683 549 ·

42 643 86 682 rua
97 621 208 678 saneta
223 629 348 693 augetur
365 633 399 672 eo
410 613 484 692 qarod
501 612 651 684 Creontis,
667 611 757 689 primi
780 611 927 670 archontis
944 612 1053 683 annui,
1069 613 1265 688 magistratum
1280 613 1330 673 alii
1344 614 1375 672 in
1393 633 1440 672 an.
1461 614 1519 684 681,
1538 613 1585 673 vel
1639 610 1649 619 ⁸

41 715 176 793 ill,aliiin
187 733 235 774 eu.
249 714 310 770 680
322 711 384 787 (01.
403 711 450 782 25,
469 707 520 787 a),
534 709 585 767 alii
600 709 631 767 in
645 727 693 768 an.
712 717 766 781 704
783 708 847 786 (ot.
864 730 915 786 19,
934 729 946 765 ι
959 710 968 787 )
981 709 1162 768 collocarunt
1173 708 1217 787 (Ἴ.
1231 709 1324 787 Major
1336 711 1421 769 etiem
1437 711 1587 770 dissensus

40 830 67 873 st
77 815 139 871 cirea
155 809 289 887 mythice
309 808 433 866 historie
452 806 593 885 epochas,
605 805 761 883 dequibus
779 803 921 863 Eusebius
934 817 963 863 et
983 803 1086 864 Castor
1100 817 1130 863 et
1149 817 1281 864 auctores
1291 805 1500 884 Excerptorum
1516 805 1587 864 ilar*

37 914 140 971 brorum
150 921 177 966 et
191 906 346 964 ilarmoris
361 904 437 962 Parii
458 921 527 962 suos
548 903 675 980 quisque
700 902 827 960 calculos
843 902 934 960 secuti
955 914 1033 960 sunt.
1049 903 1183 959 Attamen
1201 902 1300 960 omnia
1320 902 1383 961 haec
1398 902 1587 980 quantumvis
1627 917 1636 939 ⁸

36 1002 235 1080 diversalegibus
256 1001 429 1080 quibusdam
451 1003 597 1072 nituntur,
613 998 722 1077 quibus
735 1000 897 1077 perspectis
914 997 998 1056 lacile
1012 1012 1133 1076 apparet
1146 1004 1197 1076 qui
1210 1001 1316 1059 lactum
1335 1001 1374 1059 sit
1390 1015 1423 1060 ut
1443 1001 1587 1077 Charopis
1619 1006 1633 1031 Ἰ

32 1102 177 1161 udreontis
196 1099 266 1158 anni
291 1111 347 1156 tarn
367 1098 450 1156 vario
475 1096 562 1157 modo
583 1096 721 1155 constitui
744 1096 871 1172 indeque
890 1095 977 1154 etiam
1004 1107 1134 1173 tempora
1146 1095 1279 1155 historia
1291 1096 1356 1155 luce
1379 1097 1458 1156 clara
1474 1098 1588 1157 turbari

32 1199 160 1278 potueriat
170 1196 260 1272 lgilur
276 1214 373 1274 operae
386 1193 512 1271 pretium
525 1192 564 1252 sit
574 1212 688 1252 summa
701 1193 744 1251 rei
760 1204 905 1250 momenta
918 1192 1021 1270 paucis
1033 1211 1188 1270 exponere.
1559 1198 1564 1213 ’
1586 1194 1598 1211 ”

61 1292 125 1351 idern
136 1302 328 1368 argumentum
340 1289 461 1366 juvenis
480 1289 553 1347 olim
566 1290 706 1365 munique
720 1302 859 1369 apparatu
874 1289 1035 1347 instructus
1050 1290 1082 1347 in
1101 1288 1278 1364 Fragmentis
1292 1289 1511 1365 chronologicis
1530 1303 1588 1347 tra·
1622 1296 1634 1319 ‘

31 1390 103 1459 uari,
114 1408 168 1466 qne
179 1407 224 1447 an.
244 1388 321 1456 ¹⁸lrl
340 1386 376 1444 ad
397 1384 503 1443 calcem
517 1384 658 1444 Herodoti
671 1385 717 1446 ed.
730 1384 797 1445 Did.
813 1385 987 1464 prodierunt
1000 1398 1137 1460 tanquam
1151 1384 1323 1462 praeludium
1339 1385 1459 1462 majoris
1472 1385 1586 1462 operis,

30 1482 89 1557 tynotl
103 1502 238 1561 nmquam
258 1481 425 1559 dereliqui,
442 1480 493 1539 sed
512 1481 549 1538 ad
569 1481 656 1539 linem
676 1482 836 1561 perducere
850 1481 978 1540 nondum
993 1482 1088 1559 potui.
1105 1480 1187 1540 Haud
1202 1500 1293 1559 pauca
1307 1481 1511 1540 commentatio
1530 1481 1586 1539 ista

33 1577 94 1636 tue
105 1598 162 1655 quar
173 1598 232 1647 non
252 1589 334 1635 recte
350 1577 428 1635 dicta
449 1595 512 1635 esse
531 1577 704 1636 diuturnum
723 1576 826 1636 harum
843 1597 939 1636 rerum
957 1576 1085 1635 studium
1100 1595 1147 1634 me
1164 1577 1282 1650 docuit,
1297 1577 1371 1637 illud
1389 1597 1460 1636 vero
1474 1578 1506 1635 in
1527 1594 1587 1654 quo

36 1676 93 1732 erdo
104 1675 184 1734 totius
197 1675 312 1751 negotii
327 1673 509 1746 versabatur,
531 1674 644 1733 scilicet
662 1675 826 1753 praecipuas
840 1674 969 1733 historiae
982 1673 1149 1731 incertioris
1169 1671 1295 1751 epochas
1309 1672 1466 1732 secundum
1490 1670 1588 1749 cyclos

36 1792 136 1831 unorum
151 1774 186 1830 63
201 1773 362 1830 adornatas
373 1790 455 1844 esse,
467 1783 618 1848 tantopere
632 1771 664 1831 in
681 1771 838 1849 propatulo
852 1790 915 1829 esse
929 1790 1007 1829 nunc
1020 1769 1184 1841 contendo,
1199 1782 1247 1841 ut,
1264 1771 1289 1829 si
1305 1770 1373 1848 quis
1386 1782 1516 1828 scrutans
1529 1767 1589 1827 tmc

34 1889 74 1925 ren
85 1869 271 1940 intellexerit,
287 1886 355 1926 enm
369 1887 423 1926 suo
445 1867 570 1944 gaudere
587 1880 706 1945 stupore
723 1867 853 1946 jubeam.
868 1867 951 1926 lianc
963 1878 1057 1925 autem
1073 1865 1236 1925 doctrinam
1252 1887 1288 1925 eo
1303 1866 1457 1925 obscuravi
1473 1885 1587 1940 errore,
1667 1902 1673 1909 ·

32 1964 84 2039 qaod
94 1966 174 2042 cyclis
190 1965 251 2024 illis
267 1963 391 2023 subesse
402 1963 538 2042 putabam
551 1964 652 2023 rudem
667 1963 811 2041 quendam
826 1975 994 2041 computum
1007 1961 1253 2034 astronomicum,
1266 1982 1325 2040 quo
1340 1963 1377 2019 63
1393 1961 1461 2019 anni
1474 1962 1590 2021 lunares

31 2058 89 2116 elio
101 2080 183 2119 annos
195 2061 313 2118 solares
333 2072 553 2118 revocarentur.
573 2057 693 2118 Seduxit
705 2060 812 2137 partim
827 2056 993 2116 Odosredus
1010 2056 1150 2117 hliillerus
1163 2058 1214 2135 qui
1229 2057 1374 2135 ejusmodi
1390 2057 1504 2135 cyclum
1519 2059 1586 2116 1)ae-

31 2154 125 2214 itlumm
144 2158 282 2215 matorum
309 2156 398 2214 luisse
420 2156 606 2234 opinabatur,
620 2155 729 2235 partim
750 2153 825 2213 illud
846 2154 926 2232 quod
940 2172 995 2230 pro
1017 2154 1054 2210 63
1074 2153 1160 2212 annis
1175 2154 1283 2231 passim
1306 2156 1345 2211 60
1360 2174 1452 2212 annos
1467 2174 1590 2213 numero

32 2255 122 2312 numo
133 2257 198 2333 poni
213 2252 374 2325 ridebam,
389 2266 417 2311 et
430 2252 508 2331 quod
520 2253 619 2331 cyclos
630 2270 772 2311 annorum
784 2253 822 2309 60
838 2249 915 2328 apud
927 2249 1004 2308 Asiae
1015 2249 1118 2309 mediae
1131 2262 1160 2308 et
1173 2250 1278 2329 priscae
1292 2252 1434 2309 Americae
1445 2263 1544 2327 gentes
1557 2251 1589 2310 in

482 384 532 442 na
551 381 712 443 nrocms
732 381 924 445 nuscuntur
946 383 1108 447 tantun.
1507 396 1609 447 xm·
1813 476 1820 485 ,

22 2366 68 2405 ἰι
78 2350 195 2419 uenus,
211 2351 336 2408 tandem
353 2369 424 2408 vero
438 2348 518 2425 quod
532 2348 683 2424 vulgarem
698 2366 785 2405 aeram
799 2343 960 2422 'frojanam
976 2346 1045 2404 anni
1066 2347 1140 2422 1193
1153 2359 1291 2425 computo
1304 2348 1358 2406 niti
1370 2346 1545 2419 arbitrabar,
1558 2349 1589 2406 in
1697 2391 1704 2403 .

31 2466 69 2518 tta
77 2448 200 2508 munus
213 2470 234 2504 a
249 2468 313 2524 qao
323 2459 401 2506 esset
414 2446 565 2524 Olympias
581 2446 686 2523 prima.
702 2449 770 2502 Haec
784 2445 884 2502 omnia
903 2461 979 2500 vana
994 2461 1058 2501 esse
1072 2463 1149 2501 nunc
1164 2462 1286 2516 censeo,
1307 2463 1405 2522 neque
1422 2443 1503 2506 aliud
1516 2445 1588 2521 quid

30 2544 120 2618 mydo
133 2544 188 2604 istu
204 2561 358 2603 annornm
378 2543 416 2600 63
436 2561 562 2618 agnosco
584 2542 643 2601 nisi
668 2539 803 2618 διάστημα
818 2537 926 2617 μυθικὸν
941 2539 988 2597 vel
1007 2538 1131 2615 μυστικὸν
1148 2537 1202 2617 (ut
1224 2539 1359 2600 Clemens
1375 2561 1407 2620 p.
1434 2549 1488 2614 thy
1509 2542 1587 2617 ait),

30 2634 86 2710 eujus
96 2639 134 2697 ris
144 2652 172 2697 et
185 2639 263 2698 ratio
277 2638 372 2697 unice
384 2637 492 2697 residet
512 2638 544 2696 in
558 2637 801 2716 multiplicatione
820 2655 1008 2695 numerorum
1025 2638 1181 2716 septenarii
1200 2649 1229 2695 et
1244 2638 1361 2696 nonarii
1377 2636 1446 2714 (¹⁴),
1461 2657 1587 2715 quorum

21 2748 86 2787 um
95 2730 159 2791 bene
171 2720 249 2794 nosti
259 2734 325 2793 late
337 2746 436 2812 patere
447 2753 500 2811 per
512 2733 697 2810 antiquitatis
712 2732 822 2792 fabulas
836 2746 865 2791 et
875 2734 970 2792 cultus
983 2734 1116 2792 instituta
1127 2746 1156 2791 et
1166 2732 1379 2814 φιλοσοφήματα.
1393 2733 1442 2790 Sic
1456 2746 1488 2791 ut
1498 2753 1588 2792 unum

29 2826 221 2901 uersuum
236 2832 335 2891 ritem
348 2827 502 2887 humanam
519 2830 623 2889 novies
637 2842 823 2908 septenorum
837 2849 981 2888 annorum
994 2831 1119 2908 periodo
1128 2829 1275 2888 'contineri
1289 2828 1384 2899 dixir,
1400 2842 1429 2888 et
1442 2829 1590 2907 Pythago-

31 2922 58 2976 πὶ
73 2923 229 2999 planetarum
254 2925 415 2986 distantias
435 2927 484 2986 63.
505 2928 572 2986 ηδ.
599 2928 666 3002 ι89.
690 2927 747 2984 252
767 2940 822 2987 etc.
844 2926 975 2986 millibus
990 2927 1150 2987 stadiorum
1166 2926 1361 2998 definierunt,
1378 2940 1406 2985 et
1424 2927 1589 2987 Eratosthe-

32 3034 64 3073 tes
74 3030 138 3078 terre
149 3022 317 3095 ambitum,
334 3041 421 3099 quem
443 3022 503 3081 lere
517 3021 648 3094 aio,ooo
661 3022 819 3081 stadiorum
841 3043 901 3083 esse
919 3023 1041 3082 calculis
1055 3023 1259 3082 astronomicis
1274 3036 1439 3101 repererat,
1454 3044 1590 3082 commo-

33 3110 202 3180 luisnnmeri
216 3139 310 3179 causa
325 3119 456 3191 aba,ooo
471 3118 630 3177 stadiorum
644 3136 707 3177 esse
718 3118 840 3190 sumsit,
853 3104 925 3176 adeo
939 3129 971 3176 ut
988 3137 1003 3175 a
1022 3117 1100 3176 linea
1113 3116 1310 3196 aequinoctiali
1326 3117 1362 3175 ud
1377 3118 1477 3197 polum
1496 3138 1590 3196 usquc

34 3226 94 3268 estu
104 3216 184 3274 stadia
198 3219 324 3293 63,ooo.

59 3304 159 3368 setemm
174 3327 336 3391 antequam
351 3310 389 3368 de
402 3310 523 3390 epochis
536 3309 666 3369 historie
683 3311 785 3369 Atticae
799 3310 991 3385 disseramus,
1003 3311 1144 3370 nonnulla
1157 3311 1364 3390 praemonenda
1379 3325 1448 3370 sunt
1467 3311 1503 3370 de
1516 3330 1590 3390 epo-

33 3398 76 3457 tlis
83 3406 137 3465 belli
150 3408 274 3486 Troiani
289 3422 323 3467 et
342 3407 455 3467 reditus
468 3407 698 3469 heraclidarum.
715 3408 781 3467 Duo
795 3409 826 3468 in
838 3408 886 3467 his
902 3408 1100 3486 distinguendi
1116 3420 1184 3467 sunt
1198 3409 1345 3486 computi,
1365 3428 1439 3486 quos
1452 3408 1590 3487 Olympi·
1661 3408 1662 3411 ’

20 3510 74 3575 ‚fla
84 3512 106 3555 ct
118 3504 233 3562 turcum
248 3502 354 3562 dicere
369 3501 446 3562 lieet.
458 3507 493 3561 In
506 3503 599 3561 altero
614 3503 756 3562 terminus
770 3524 790 3559 c
804 3525 858 3579 quo
871 3516 914 3562 est
927 3502 1081 3582 Olympias
1092 3504 1190 3582 prima
1202 3503 1302 3582 (776),
1318 3504 1350 3562 in
1365 3504 1458 3562 altero
1472 3504 1586 3582 primus

32 3600 178 3673 turpent
201 3599 359 3659 archontis
375 3598 542 3658 decennalis
555 3598 648 3678 (752).
671 3596 717 3657 th
731 3610 858 3675 utroque
877 3600 1005 3658 termino
1019 3618 1111 3677 usque
1130 3598 1166 3658 ad
1189 3619 1238 3658 eas
1252 3618 1323 3659 aeras
1341 3599 1505 3676 Trojanas,
1523 3620 1589 3678 quae

31 3690 121 3749 tunitam
133 3698 334 3756 usitatissimae
348 3708 416 3755 sunt
431 3697 497 3773 (an.
516 3716 590 3769 ¹²¹7
605 3708 634 3754 et
659 3691 763 3771 1193),
777 3706 984 3770 computantur
1006 3709 1116 3771 septem
1134 3696 1211 3774 cycli
1226 3696 1355 3755 minores
1369 3696 1378 3774 (
1390 3694 1508 3774 7>(63)
1523 3698 1588 3755 sive

34 3786 76 3842 ω’
86 3798 147 3864 tu,
160 3813 234 3871 quos
247 3792 379 3871 majoris
395 3793 471 3871 cycli
485 3795 603 3851 nomine
614 3789 886 3866 comprehenderim
900 3790 955 3849 hac
969 3793 1047 3851 enim
1063 3791 1185 3870 periodo
1199 3792 1377 3868 insigniores
1397 3788 1588 3851 historiarum
1619 3782 1623 3789 ’

35 3882 112 3951 ΜΞ
126 3907 280 3968 rerumque
303 3890 497 3951 humanarum
514 3888 720 3949 conversiones
736 3885 976 3946 disterminantur
990 3887 1159 3964 ubicunque
1172 3888 1407 3964 genealogiarum
1428 3899 1589 3965 ceteraeque

20 3976 152 4044 'lttlitioais
164 3988 292 4047 rationes
306 4006 369 4045 non
384 3987 455 4044 adeo
467 3986 660 4062 refragantur.
676 3983 857 4060 Quamquam
873 3985 980 4061 passim
996 3986 1068 4062 ipsae
1079 3984 1166 4042 etiam
1181 3984 1357 4060 genealogiae
1371 4002 1532 4061 regumque
1543 4003 1588 4043 se·

35 4069 71 4128 f*
84 4078 112 4135 td
129 4082 293 4162 implendos
309 4083 411 4161 cyclos
433 4083 559 4161 majores
580 4083 682 4141 ellictae
695 4099 758 4139 esse
778 4072 926 4141 ridentur.
948 4081 997 4140 Sic
1017 4079 1206 4141 Erechthidas
1224 4100 1305 4158 reges
1330 4081 1585 4161 quattuordecim,

35 4169 104 4241 qubus
115 4186 165 4248 lta
179 4182 250 4241 anni
260 4181 462 4256 assignantur,
475 4200 511 4238 ex
520 4179 627 4259 priscis
639 4176 747 4236 sabulis
759 4177 861 4236 trucis
875 4177 1007 4256 undique
1018 4180 1199 4257 conquisitos
1213 4192 1242 4237 et
1258 4180 1290 4238 in
1301 4180 1468 4239 continuam
1482 4181 1587 4240 seriem

36 4275 202 4338 mutinum
224 4298 291 4339 esse
314 4289 438 4340 constat.
466 4278 560 4336 Aliam
585 4294 728 4335 annorum
752 4281 805 4342 44¹
831 4275 984 4353 periodum
1008 4275 1226 4335 successoribus
1249 4276 1506 4348 Erechthidarum,
1533 4279 1584 4354 qui

36 4358 113 4427 Μ
127 4393 215 4453 nsque
237 4375 277 4434 ad
298 4375 427 4454 primum
452 4374 619 4434 archontem
635 4390 817 4443 annuum,a
840 4373 991 4432 nonnullis
1018 4368 1189 4434 attributum
1216 4394 1278 4433 esse
1305 4374 1383 4433 infra
1405 4374 1584 4434 ridebimus.

36 4452 119 4524 Qu
132 4489 219 4532 anuos
243 4482 387 4555 extus,
410 4474 460 4549 qui
476 4474 519 4531 sic
535 4471 675 4531 labuntur
688 4489 705 4528 a
718 4469 847 4548 Cecrope
867 4490 961 4549 usque
977 4472 1012 4530 ad
1035 4471 1208 4544 Creontem,
1227 4473 1260 4530 in
1276 4472 1465 4549 Assyriorum
1489 4491 1588 4548 regum

34 4550 135 4622 ht‘stulu
153 4566 242 4629 hahes
256 4569 330 4630 inde
342 4568 367 4628 a'
381 4569 457 4628 ilino
477 4588 570 4648 usque
590 4569 626 4627 ad
650 4569 737 4626 linem
753 4566 886 4627 Teutami
904 4582 933 4628 et
952 4569 1097 4628 excidium
1116 4569 1211 4648 Trojae
1228 4568 1452 4630 sec.(1anoncm
1471 4567 1589 4628 Eusebii
1684 4604 1687 4611 =

32 4646 91 4717 ill·
101 4659 218 4724 &toris
232 4666 271 4726 ir.
287 4686 321 4744 p.
340 4644 397 4742 Ι169
406 4666 428 4743 l,
445 4681 474 4724 et
497 4665 535 4724 ab
550 4665 660 4743 AEgialo
671 4662 876 4742 Sicyoniorum
891 4685 1064 4743 regensque
1084 4666 1120 4724 ad
1133 4680 1247 4745 captum
1264 4662 1350 4725 ilium
1365 4666 1523 4725 secundum
1536 4665 1589 4725 Ca·

30 4792 1592 4833 W

32 4886 197 5015 :alam
207 4900 275 4963 apud
290 4899 444 4963 syncellum,
461 4915 486 4966 p.
506 4906 564 4963 ma,
581 4902 601 4952 B
623 4921 630 4950 ι
647 4902 760 4964 Κρίσπος
771 4901 866 4964 πρώτω
880 4901 991 4964 ἄρχοντος
1010 4902 1160 4964 ἡγησαμένου
1171 4902 1209 4950 tet
1223 4905 1264 4959 τῆς
1279 4902 1307 4949 tb'
1325 4897 1504 4961 Ὀλυμπιάδος,
1517 4900 1540 4946 ol
1562 4899 1589 4948 δὲ

52 5028 177 5087 ’Ἢίιῦ
188 5042 284 5103 guerit
299 5042 417 5107 fipuento
430 5044 514 5101 ῆι
529 5045 615 5109 cyclus
631 5056 750 5093 emortuo
766 5046 810 5103 59,
826 5043 897 5107 cujm
908 5043 1015 5094 rationes
1028 5041 1162 5106 OEnopides
1179 5040 1256 5093 chius
1266 5051 1342 5092 cusu
1351 5038 1444 5090 tabulae
1457 5035 1591 5103 insculptas

32 5090 338 5227 Ἢωωιιήπ
348 5114 356 5173 r
366 5113 491 5165 mr.
507 5110 572 5164 utar.
590 5119 631 5175 ro,
642 5116 657 5162 r
668 5113 691 5177 t:
703 5111 759 5163 vu.
775 5113 866 5163 uoectu
880 5113 1029 5171 arctoum,
1049 5127 1073 5177 p.
1089 5117 1146 5173 us,
1161 5112 1239 5163 tuetur
1252 5107 1409 5161 canumet.
1423 5108 1450 5161 e.
1464 5107 1580 5159 crromt

1464 5288 1491 5332 θ.
