3890 6044
210 468 301 550 xxviij
484 492 488 499 ·
737 472 754 525 .·
853 470 1151 534 νιιινιιιοοιιιιιιι.

212 626 262 672 σας
274 602 319 665 τθν
333 604 468 684 Περικλέα
483 604 620 676 συνέθετο,
634 605 706 673 ὅπως
720 604 882 672 θπέσπονδσς
894 604 941 665 σθν
957 605 1031 686 ἀδείογ
1044 602 1176 664 κατέλθοι.
1190 603 1246 665 Καὶ
1259 602 1406 682 γενομένων
1419 606 1471 662 τῶν
1483 603 1601 663 σπονδῶν
1615 600 1709 682 κατῄει
1723 594 1801 675 ladr-

211 699 324 778 τέμενος
338 699 391 760 ἀπὸ
406 707 452 762 τοῦ
465 708 528 761 ναοῦ
541 704 587 772 τῆς
601 700 710 772 Ἀθηνᾶς
723 699 848 780 μήρινθον
865 702 981 782 (κρόκην
989 700 1118 775 ικλωστήν
1132 702 1244 783 Plus),
1258 705 1293 768 ὡς
1304 703 1336 773 δή
1352 700 1440 773 ἱκέτης
1450 704 1496 771 τῆς
1511 704 1583 759 θεοῦ·
1598 701 1623 758 σί
1637 692 1744 781 simpl
1757 699 1802 760 τδν

211 796 345 875 Περικλέα
359 799 388 857 οὐ
403 797 580 877 κατασχόντες
591 797 639 870 τῆν
652 797 733 876 ὀργῆν
746 798 905 859 ἀπέκτειναν
917 801 997 859 cithu
1017 800 1219 880 κατερχόμενον.
1234 799 1322 861 Τοῦτό
1334 800 1390 858 ίστι
1404 797 1434 856 τὸ
1451 795 1598 857 Κυλώνειον
1608 797 1682 878 ἄγος.
1767 800 1770 805 ’
1786 804 1801 813 ”’

250 895 378 955 Eandem
395 895 548 956 historiam
565 896 659 956 fusius
675 911 775 956 narrat
790 896 964 958 Plutarchus
977 897 1009 955 in
1023 897 1126 959 Solon.
1147 919 1174 955 c.
1191 900 1241 968 32,
1256 895 1309 955 ubi
1328 915 1383 974 pro
1404 894 1515 955 Pericle
1536 893 1626 954 habes
1644 895 1803 971 Megaclem

210 991 377 1051 archontem
393 991 511 1051 aliunde
526 1012 586 1051 non
606 1007 705 1051 notum
724 993 785 1069 (ot.
800 1002 836 1062 4ο
857 1013 916 1055 sec.
938 992 1107 1052 Corsinium
1126 1007 1157 1052 et
1172 988 1294 1051 Fischer
1307 994 1337 1052 in
1357 991 1452 1050 Tabb.
1468 992 1593 1065 chron,
1608 992 1656 1053 ut.
1682 1001 1720 1060 to
1742 1012 1802 1053 sec.

210 1087 347 1159 Clintoo,
368 1089 414 1150 ut.
437 1090 474 1157 it
496 1108 553 1149 sec.
570 1090 686 1148 Boeehh.
697 1093 717 1161 l.
734 1090 767 1149 ln
790 1091 902 1149 scholio
920 1090 1050 1166 Περικλῆς
1065 1111 1121 1169 pro
1136 1090 1279 1165 Μεγακλῆς
1291 1086 1424 1148 exhiberi
1442 1088 1558 1147 videtur
1571 1089 1672 1148 eodem
1695 1093 1807 1148 erroris

211 1202 316 1259 genere
337 1205 397 1262 quo
416 1185 447 1244 in
463 1185 643 1246 Aristodemi
664 1186 764 1245 codice
787 1186 924 1244 Parisino
939 1175 1074 1262 Σοφοκλῆς
1091 1185 1164 1244 abiit
1181 1186 1213 1244 in
1227 1185 1422 1260 Θεμιστοκλῆς.
1441 1186 1600 1262 Απῑίιγιιιιπι
1617 1203 1679 1244 εσσε
1697 1186 1805 1246 vitium

210 1298 228 1337 e
248 1278 338 1339 Suida
359 1281 460 1359 liquet,
473 1282 524 1360 qui
538 1303 563 1342 s.
588 1304 617 1344 ν.
636 1284 766 1363 Περικλῆς
780 1296 809 1341 et
832 1281 977 1343 Κυλώνειον
993 1284 1054 1359 ἄγος
1067 1283 1189 1341 eundem
1206 1282 1347 1340 Periclem
1370 1302 1434 1341 cum
1451 1280 1610 1360 Xanthippi
1629 1281 1690 1340 filio
1707 1282 1809 1360 inepte

211 1378 374 1439 oonlttndit.
392 1381 535 1458 Περικλῆς,
550 1381 608 1453 ait,
624 1379 771 1451 ’dicacior'
785 1379 829 1438 ἐπὶ
848 1378 941 1439 τούτου
955 1378 1051 1459 ῆρξοιτο
1064 1383 1079 1438 δ
1094 1377 1338 1452 Πελοποννησιακὸς
1359 1377 1483 1455 πόλεμος.
1498 1374 1562 1438 Ἐπὶ
1583 1378 1675 1437 τούτου
1690 1378 1720 1436 tit
1745 1381 1807 1438 Κιν·

210 1472 315 1533 λώνειον
330 1474 390 1552 ἄγος
405 1474 533 1546 ἠλαύνετο
547 1475 620 1553 παρθ
636 1474 795 1548 Ἀθηναίων,
809 1466 830 1535 ii
848 1473 963 1553 ἐνείχετο
978 1476 1121 1553 Περικλῆς.
1139 1472 1250 1534 Κύλωνα
1263 1472 1315 1552 γθιρ
1329 1470 1411 1552 ἄνδρα
1426 1470 1573 1544 Ἀθηναῖον,
1585 1470 1722 1547 Ὀλύμπια
1737 1495 1808 1531 νενι-

210 1568 329 1643 κηκέτα,
348 1571 468 1652 γαμδρθν
487 1571 634 1650 θεογένους
661 1577 707 1631 τοῦ
731 1571 876 1651 Μεγαρέων
895 1570 1036 1651 τυροίννου,
1054 1568 1203 1645 ἐπιθέμενον
1228 1568 1358 1648 τυραννίδι
1381 1571 1433 1627 τῶν
1457 1568 1615 1642 Ἀθηναίων,
1636 1572 1807 1649 παραχρῆμα

210 1666 341 1746 φυγόντα,
354 1668 539 1751 καταφυγόντα
554 1668 581 1728 δέ
602 1669 646 1729 ἐπὶ
661 1669 708 1736 τὰς
722 1670 820 1745 σεμνθις
842 1666 915 1740 θεθς,
933 1666 1132 1733 ἀποσπάσαντες
1153 1669 1177 1724 σί
1197 1665 1258 1745 περὶ
1273 1665 1405 1746 Περικλέα
1424 1664 1594 1725 ἀπέκτειναν·
1609 1667 1633 1725 σί
1647 1663 1675 1724 δὲ
1695 1666 1808 1726 ἅντεπέ·
1835 1700 1839 1709 ·

209 1785 318 1836 ταττον,
330 1766 462 1842 Περικλῆς
473 1765 501 1824 δέ
516 1766 564 1824 οὐκ
577 1762 618 1824 tic
632 1764 776 1826 πείθεσθαι.
1300 1838 1303 1843 y

249 1859 384 1938 Ejusdem
405 1863 520 1937 generis
540 1863 642 1921 notitia
662 1862 802 1922 historica
818 1883 854 1923 ex
879 1861 979 1921 eodem
999 1861 1076 1920 haud
1097 1859 1186 1919 dubie
1208 1859 1285 1917 sonte
1299 1856 1449 1936 depromta
1464 1870 1555 1916 exstat
1566 1877 1612 1936 ap.
1631 1857 1723 1920 schol.
1741 1858 1764 1918 l.
1780 1861 1805 1921 l.
1833 1866 1838 1899 ’·

168 1964 171 1969 ’
211 1976 243 2034 p.
261 1956 319 2029 378
335 1979 343 2014 ι
1428 2034 1432 2043 1

250 2051 285 2113 Ἡ
300 2054 386 2126 Φύη.
401 2054 590 2135 Πεισίστρατος
602 2056 721 2138 διωχθείς
735 2056 808 2136 πορθ
821 2060 873 2116 τῶν
889 2054 1029 2127 Ἀθηναίων
1045 2047 1104 2134 εθρε
1118 2060 1229 2133 γυναῖκα
1245 2049 1373 2129 μεγάλην,
1388 2048 1421 2120 ἣν
1435 2049 1480 2108 καὶ
1492 2049 1657 2119 ἀναθιίιέσας
1670 2055 1707 2118 είς
1720 2051 1807 2112 ἵππον

212 2149 303 2227 (ἅρμα
318 2171 374 2210 see.
393 2152 519 2230 Herod.)
536 2152 634 2231 ἤγαγεν
646 2157 682 2221 εἰς
696 2153 802 2224 Ἀθήνας
815 2153 897 2232 λέγων
909 2157 944 2219 ὣς
957 2157 974 2224 ἡ
986 2151 1082 2225 Ἀθηνᾶ
1103 2154 1175 2220 ἔστι,
1191 2147 1237 2206 καί
1252 2147 1352 2221 κομίζει
1368 2170 1400 2221 με
1416 2138 1489 2214 αὖθις
1502 2149 1538 2214 είς
1551 2147 1669 2221 Ἀθήνας.
1686 2152 1729 2211 Cl.
1745 2152 1806 2212 lle·

211 2246 307 2305 rodot.
328 2267 354 2322 r,
375 2234 430 2321 θος
450 2248 581 2327 Polyaen.
599 2271 625 2321 1,
649 2270 703 2321 οι,
731 2271 785 2325 11,
808 2247 903 2310 Valer.
917 2248 994 2309 Max.
1014 2270 1041 2321 1,
1061 2268 1095 2320 ο,
1118 2269 1152 2320 ο,
1170 2247 1324 2305 Clitodemi
1340 2245 1376 2306 ir.
1403 2256 1440 2316 at
1465 2266 1514 2326 ap.
1539 2246 1728 2324 Athenaeum,
1755 2254 1806 2326 13,
1835 2275 1837 2280 ·

210 2361 241 2419 p.
257 2343 311 2400 θοι
324 2386 332 2413 ,
347 2342 371 2400 C
388 2342 434 2424 Γ).

250 2437 359 2497 Praeter
371 2439 554 2499 scholiastam
570 2441 760 2516 Hermogenis
780 2440 884 2499 Suidas
902 2460 926 2500 s.
941 2462 971 2501 v.
989 2440 1157 2515 Παυσανίας,
1176 2442 1377 2519 Θεμιστοκλῆς,
1394 2441 1487 2516 Κίμων
1502 2452 1530 2498 et
1546 2441 1663 2509 Καλλίας
1676 2444 1685 2524 (
1694 2464 1724 2503 ν.
1741 2458 1806 2504 not.
1833 2472 1837 2477 ·

211 2535 247 2592 ad
263 2555 287 2593 c.
305 2535 335 2607 8,
353 2535 381 2595 5,
405 2557 448 2609 ιο,
475 2557 520 2595 11.
547 2557 593 2608 11,
619 2559 644 2595 1.
666 2540 713 2609 13,
730 2536 767 2615 a)
783 2537 958 2596 Aristodemi
972 2557 1061 2617 opere
1078 2557 1148 2597 usus
1165 2551 1224 2611 est,
1243 2557 1418 2615 quamquam
1434 2538 1465 2595 iu
1486 2537 1637 2595 nonnullis
1658 2557 1675 2595 a
1699 2540 1803 2598 codice

213 2644 313 2691 nostro
328 2632 456 2706 recedit,
474 2652 540 2710 quae
551 2648 756 2712 excerptorum
772 2635 954 2710 negligentiae
969 2636 1139 2713 imputanda
1150 2654 1210 2693 esse
1221 2634 1370 2696 videntur.

254 2728 355 2792 sedet
369 2731 545 2790 Aristodemi
562 2733 638 2791 sicut
654 2732 704 2790 ille
718 2734 770 2810 qui
785 2731 844 2811 περὶ
866 2734 993 2810 μηχανῶν
1014 2733 1124 2810 scripta
1139 2733 1283 2803 continet,
1300 2730 1410 2790 lacunis
1428 2743 1457 2789 ct
1471 2733 1546 2789 mira
1563 2731 1713 2790 nominum
1734 2754 1807 2812 pro·

211 2825 344 2903 priorum
360 2827 568 2905 depravatione
581 2841 610 2886 et
623 2828 806 2903 singulorum
822 2826 981 2886 verborum
1005 2828 1179 2906 corruptelis
1197 2847 1373 2906 magnopere
1386 2826 1509 2887 laborat.
1529 2827 1641 2897 Quodsi
1657 2830 1808 2890 sustuleris

210 2921 311 2981 sordes
327 2942 399 3001 quas
413 2943 499 2995 manu
515 2924 575 2983 leni
595 2922 760 3000 abstergere
774 2926 870 3003 possis
889 2935 917 2981 et
940 2923 1129 2983 librariorum
1153 2924 1335 3000 negligentiae
1357 2924 1404 2982 vel
1420 2923 1535 3001 stupori
1556 2922 1656 2982 deberi
1677 2926 1805 3003 quisque

211 3020 359 3101 largietur,
374 3022 483 3082 residet
497 3022 591 3081 oratio
604 3023 721 3082 incultae
735 3020 951 3101 simplicitatis,
965 3022 1079 3098 qualem
1094 3025 1124 3078 iu
1138 3019 1309 3099 compendio
1325 3039 1342 3078 a
1356 3020 1524 3079 recentioris
1536 3020 1627 3079 aetatis
1640 3022 1803 3095 magistello

211 3118 319 3196 sctt'pto
334 3132 362 3178 et
376 3118 413 3177 ab
427 3120 493 3178 aliis
515 3120 636 3178 fortasse
649 3117 783 3177 breviato
800 3118 875 3177 ferre
890 3118 965 3176 licet.
979 3117 1051 3187 Quae
1070 3118 1101 3175 in
1126 3136 1159 3174 ea
1175 3135 1287 3195 apurae
1300 3128 1377 3195 putae
1399 3115 1555 3191 graecitatis
1573 3135 1625 3175 usu
1644 3115 1799 3190 recedunt,

211 3233 269 3271 non
284 3215 356 3274 adeo
370 3215 460 3273 multa
476 3227 561 3288 sunt,
576 3234 609 3272 ac
623 3215 688 3273 lieri
704 3227 799 3292 potest
810 3227 844 3273 ut
857 3216 962 3273 horum
976 3232 1093 3291 quoque
1107 3231 1174 3290 pars
1183 3212 1356 3288 corrigendo
1373 3211 1501 3269 tollenda
1515 3212 1564 3270 sit.
1576 3210 1719 3269 Seriorem
1735 3223 1802 3270 aeta-

211 3321 267 3368 tem
285 3310 415 3368 redolent
428 3308 583 3367 verborum
600 3310 700 3367 formae
716 3310 818 3368 mediae
836 3307 1044 3384 ίκπληττόμενος
1065 3308 1111 3365 vel
1128 3311 1224 3385 potius
1240 3306 1430 3383 ἐκπληξόμενος
1445 3305 1504 3374 τοὺς
1517 3305 1653 3378 Ἕλληνας
1667 3308 1707 3386 [e.
1724 3329 1751 3385 1,
1766 3314 1803 3387 ί.)

211 3417 239 3462 et
249 3404 431 3481 προδώσεσθαι
444 3402 504 3470 τοὺς
520 3401 655 3474 Ἕλληνας
668 3407 706 3483 (c.
720 3412 749 3478 t,
768 3404 814 3480 ι),
828 3424 949 3481 quarum
964 3404 1029 3462 loco
1043 3402 1228 3482 exspectabas
1244 3405 1353 3464 activas
1367 3402 1503 3474 ἔκπλήξων
1515 3417 1544 3463 et
1556 3402 1717 3485 προδώσειν,
1731 3424 1805 3482 quas

212 3502 316 3580 reponi
331 3501 427 3559 voluit
441 3499 593 3559 Biicheler.
612 3498 754 3559 Similiter
767 3499 1005 3578 'l'heophyluctus
1020 3499 1097 3559 llist.
1117 3520 1143 3573 1,
1159 3520 1190 3578 p.
1211 3499 1278 3572 155,
1301 3499 1327 3557 D
1341 3499 1431 3558 dicit:
1448 3497 1579 3579 ἀναιρέσει
1593 3497 1700 3565 τούτους
1713 3500 1803 3579 παρέ-

211 3597 282 3656 δοτε.
297 3593 424 3655 Verbum
440 3595 605 3667 πλήττεσθαι
620 3615 707 3655 sensu
722 3596 818 3654 activo
834 3593 989 3654 adhibetur
1003 3595 1120 3672 quidem
1137 3615 1187 3674 ap.
1204 3595 1344 3656 llerodot.
1359 3596 1392 3669 3,
1412 3605 1445 3665 rt
1461 3594 1596 3674 (κεφαλήν
1611 3594 1761 3676 ἐπλήξατο)
1775 3611 1806 3656 et

213 3693 299 3753 Ηοιιν.
316 3692 351 3753 ll.
373 3694 416 3762 16,
439 3694 493 3751 125
510 3688 603 3771 (μηρὼ
622 3691 819 3772 πληξάμενος),
834 3693 874 3750 ita
888 3705 1000 3764 tameu‚
1017 3703 1048 3750 ut
1064 3693 1151 3751 simul
1170 3693 1213 3751 vis
1228 3692 1311 3751 verbi
1335 3693 1425 3752 medii
1447 3692 1551 3752 subsit.
1567 3693 1717 3752 Elumbem
1739 3713 1807 3752 ora·

211 3790 317 3847 tionem
332 3788 421 3848 habes
436 3809 462 3850 c.
478 3810 495 3845 a
502 3835 513 3865 ,
534 3810 547 3847 1
566 3810 574 3850 r
589 3790 794 3868 θιτισγνοιίμινος
808 3788 935 3848 δώσειν...
948 3786 1074 3868 τηρήσειν
1089 3786 1281 3867 ὑποσχόμενος,
1297 3788 1350 3848 ubi
1366 3790 1431 3849 fort.
1447 3789 1586 3868 δεχόμενος
1598 3790 1804 3866 corrigendum

210 3905 272 3944 esse
287 3885 428 3945 Biicheler
440 3888 616 3966 suspicatur.
638 3887 762 3945 Facilius
782 3884 957 3944 crediderim
973 3883 1077 3943 scribae
1097 3884 1199 3944 deberi
1213 3885 1293 3963 quod
1306 3885 1414 3961 legitur
1429 3906 1455 3945 c.
1480 3886 1509 3957 8,
1525 3884 1676 3966 α’λργιλίιμ
1690 3888 1805 3965 ἀγαπω-

210 3979 280 4060 μένῳ
295 3985 388 4043 ἑαυτοῦ
405 3982 488 4061 (deb.
507 3984 614 4064 αὐτοῦ).
629 4017 670 4030 -
683 3978 796 4041 Soloeca
811 3994 878 4040 suut
888 4002 913 4039 c.
928 3964 958 4054 8,
975 3989 991 4049 4
1011 4003 1018 4040 z
1031 3983 1079 4052 τῆς
1090 3984 1159 4039 κατὰ
1171 3985 1219 4040 τοῦ
1243 3980 1335 4048 παιδὸς
1349 3981 1498 4057 κολσίσεως,
1513 4001 1596 4059 quac,
1610 3982 1725 4041 etiamsi
1739 3982 1809 4060 eje-

210 4078 285 4138 ceris
294 4097 394 4138 voeem
408 4081 488 4152 κατὰ,
501 4094 604 4139 contra
615 4092 935 4156 veterum'praeeeptum
948 4077 1056 4152 forent,
1070 4097 1105 4136 ex
1117 4078 1293 4155 quorcirca
1306 4092 1349 4137 est
1358 4097 1446 4157 poena
1460 4098 1546 4155 quam
1560 4078 1633 4151 luis,
1647 4098 1706 4137 non
1717 4097 1805 4153 vero,

211 4186 244 4233 ut
258 4188 359 4234 nostro
372 4175 455 4248 loco,
470 4197 555 4254 quam
571 4177 673 4236 sumis.
692 4176 778 4235 llecte
800 4176 897 4234 dicere
911 4174 1018 4232 licebat
1031 4177 1078 4246 τῆς
1089 4173 1157 4232 κατὰ
1171 4179 1215 4232 τοῦ
1230 4175 1323 4240 παιδὸς
1336 4172 1454 4253 κρίσεως.
1467 4174 1602 4233 Junioris
1614 4175 1670 4233 aevi
1682 4178 1738 4234 usti
1759 4176 1807 4235 di-

210 4284 287 4330 ctttttt
303 4270 391 4330 luerit
404 4292 430 4330 c.
450 4293 499 4345 17,
517 4293 528 4330 1
550 4272 822 4354 εθπερηρανευόμενοι
837 4268 888 4329 irath
901 4273 953 4328 τῶν
966 4268 1152 4349 Κερκυραίων,
1166 4285 1242 4333 certe
1256 4274 1286 4332 in
1300 4271 1400 4352 steph.
1416 4272 1503 4331 Thes,
1519 4271 1604 4331 verbi
1614 4273 1702 4332 activi
1719 4276 1807 4355 ὓπερ-

208 4365 331 4448 ηρανειίω
343 4370 475 4447 exempla
486 4389 542 4428 non
554 4370 715 4429 afferuntur
725 4369 782 4428 nisi
794 4389 829 4428 ex
839 4363 933 4428 schol.
947 4365 972 4422 T
974 4367 1096 4426 heocrit.
1111 4387 1136 4438 1,
1149 4368 1187 4441 69
1199 4382 1227 4426 ει
1239 4360 1397 4428 Athanasio
1409 4390 1437 4438 ο,
1451 4390 1481 4449 p.
1494 4370 1562 4441 361,
1574 4369 1616 4439 D;
1627 4388 1805 4447 quamquam

210 4464 299 4522 altera
308 4484 425 4542 quoque
438 4464 523 4523 verbi
537 4465 640 4541 forma,
650 4464 822 4545 θαερηρανέω
832 4510 840 4538 ,
851 4483 918 4523 rara
927 4476 981 4523 est.
990 4463 1061 4534 Quor
1070 4476 1164 4523 cetera
1174 4465 1314 4525 Biiclreler
1327 4467 1359 4524 in
1370 4465 1547 4525 Aristodemi
1556 4467 1688 4524 oratione
1702 4485 1806 4544 repre-

210 4561 324 4640 hendit,
338 4563 460 4621 minoris
472 4562 609 4620 momenti
620 4575 696 4622 stant.
710 4562 795 4621 llecte
804 4563 921 4639 quidem
933 4562 1058 4620 offendit
1068 4563 1098 4620 in
1110 4560 1210 4621 verbis
1222 4563 1262 4644 ἐρ’
1276 4554 1314 4644 ᾧ,
1327 4576 1464 4642 sequente
1479 4563 1667 4641 conjunctivo
1679 4563 1716 4643 (c.
1734 4564 1783 4644 16)
1794 4588 1803 4638 ;

210 4670 238 4715 at
246 4672 326 4737 patet
338 4660 449 4719 codicis
461 4661 634 4738 scripturam
650 4673 747 4739 aperte
758 4672 922 4739 corruptam
939 4681 946 4719 τ
963 4658 1075 4734 ἐγίνοντο
1089 4657 1117 4717 δὲ
1133 4661 1160 4717 αἱ
1175 4658 1285 4719 σπονδαί
1297 4660 1340 4718 iri
1354 4661 1441 4720 τοῖσδε
1455 4662 1495 4737 ἐφ’
1510 4651 1532 4741 ᾧ
1547 4660 1584 4736 μῆ
1600 4659 1804 4734 καταπλέωσιν,

210 4754 407 4830 refingendam
423 4775 486 4814 esse
501 4756 570 4816 in...
588 4754 632 4815 inl
644 4756 747 4815 τοῖσδε·
769 4783 781 4808 ι
799 4753 836 4833 μῆ
851 4754 1038 4815 καταπλέωσιν
1054 4768 1109 4816 etc.
1135 4782 1148 4808 ν
1166 4753 1266 4834 Neque
1286 4758 1435 4835 peregrini
1456 4757 1568 4835 aliquid
1583 4757 1672 4816 habet
1686 4757 1805 4836 phrasis

212 4848 392 4933 ἐξιλάσκεσθαι
407 4850 465 4920 τοὺς
479 4850 602 4927 δαίμονές
615 4875 682 4920 τινος
693 4857 704 4927 (
714 4873 741 4913 c.
756 4854 774 4910 8
787 4896 795 4925 ,
812 4875 824 4910 1
839 4854 862 4928 ),
878 4873 969 4930 quum
981 4852 1101 4928 δαίμονες
1115 4852 1247 4931 (manes)
1258 4854 1364 4932 saepius
1375 4853 1430 4913 hoc
1442 4873 1528 4913 sensu
1541 4854 1572 4912 in
1584 4854 1714 4913 Luciano
1727 4855 1807 4932 lega·

210 4957 258 5003 tur
270 4958 299 5005 et
320 4950 334 5004 θ
356 4946 458 5025 δαίμων
473 4949 574 5009 eodem
591 4969 677 5009 sensu
688 4949 749 5028 jam
764 4969 811 5027 ap.
834 4949 999 5026 AEscbylutn
1016 4962 1149 5009 occurrat
1170 4949 1221 5027 (V.
1239 4949 1328 5010 Thes.
1347 4971 1372 5011 s.
1386 4970 1414 5009 ν.
1425 4961 1444 5026 ).
1463 4951 1594 5028 Denique
1608 4949 1680 5009 nihil
1697 4971 1799 5010 moror

240 5143 277 5209 (θ)
295 5146 357 5202 Qute
368 5150 487 5208 preterea
499 5147 523 5197 in
536 5148 636 5199 scholiis
647 5148 696 5199 illis
706 5162 731 5213 p.
743 5153 789 5199 482
800 5150 915 5212 leguntur
926 5149 958 5199 de
969 5148 1051 5199 Diraeo
1063 5152 1071 5208 (
1082 5149 1114 5199 cl.
1127 5149 1234 5200 Aristod.
1244 5165 1268 5201 c.
1282 5156 1303 5213 t,
1319 5151 1366 5213 a),
1378 5164 1407 5201 ea
1418 5154 1548 5201 narrantur
1560 5149 1660 5201 laudato
1670 5152 1804 5204 Herodoto.

208 5214 282 5266 Aliud
292 5215 402 5267 scholion
414 5231 439 5281 p.
454 5221 498 5269 ³75
511 5219 544 5271 tle
557 5223 638 5270 causis
647 5220 705 5270 belli
719 5220 930 5285 Peloponnesiaci,
944 5220 1011 5284 quod
1022 5235 1050 5272 ex
1064 5235 1112 5271 uno
1124 5224 1220 5273 uotum
1234 5222 1318 5274 oodioe
1329 5222 1438 5273 ModIceo
1452 5222 1539 5274 ceteris
1554 5222 1665 5274 Walziua
1678 5223 1804 5286 adjunxit,

209 5286 241 5338 ab
257 5285 406 5338 Aristodemi
418 5289 557 5340 narratione
568 5290 675 5341 alienum
689 5295 736 5341 est.
