3842 6036
270 489 342 553 :itt
700 486 899 548 sanonum
920 486 1182 548 ursroarnnunr
1202 469 1274 549 aaa
1296 488 1334 561 n,
1359 489 1466 549 ιι-ιυ.

269 619 369 679 θανεῖν
381 618 455 687 εῦθίις
468 620 496 680 ίν
510 618 675 701 προαστείοις
687 623 735 692 τῆς
745 618 864 694 πόλεως,
878 619 947 680 ἀλλά
960 619 994 693 δὴ
1008 621 1055 681 καλ
1150 620 1217 682 XVI
1238 620 1423 695 ’ίωνούζηςδὲ
1449 620 1655 702 πεντηκόντορον
1682 624 1831 692 ἀποστείλας
1850 628 1871 694 ίς

268 707 352 767 ιειατίι
363 706 415 781 τὴν
427 707 511 780 άλλην
523 709 599 782 όδδν,
614 710 662 768 οῦκ
678 706 780 788 θλίγους
794 709 880 770 δὲκαὶ
892 709 926 771 τά
944 714 991 769 τοῦ
1005 709 1057 768 σείε-
1110 708 1309 790 Σαμοθρᾴκην,
1323 710 1525 790 ἀναληψομίνην
1540 710 1585 771 τδν
1598 712 1718 791 Δωριία,
1731 712 1804 781 αῦτδς
1814 716 1870 775 ἀπί-

282 818 364 873 ματσς
377 796 446 875 ἀκρα
457 796 655 875 λελωόημένους
669 802 708 877 τῷ
719 797 798 881 ψύχει
813 791 957 859 ἀποόαλεῖν
968 797 1015 866 τάς
1025 821 1055 858 τε
1109 799 1221 857 πλευσεν
1243 799 1286 857 ἐπ’
1300 796 1431 878 Ἴμόρον,
1446 799 1676 878 καταστησόμενὰ
1693 823 1722 860 τε
1742 806 1813 861 τάκεῖ
1833 805 1870 861 καί

282 883 355 963 ῥῖνας
367 884 414 943 καὶ
428 874 486 945 ὦτα
498 885 545 945 καλ
565 877 651 946 τάλλα
663 890 715 946 τῶν
736 888 846 963 καιρίων
866 890 913 944 τοῦ
934 884 1056 962 σώματος
1110 883 1167 951 τοὺς
1186 884 1308 965 Δωριίως
1327 886 1462 966 ἀρμοστθς
1482 886 1613 949 ἐκόαλύιν.
1633 890 1668 967 (α)
1711 892 1823 965 Χειμῶνι
1842 891 1866 949 δὲ

281 972 378 1051 μορίων
393 974 667 1054 ἠκρωτηριασμένους.
680 974 714 1056 (a)
756 973 853 1054 Ὅμως
864 997 895 1054 γε
910 972 966 1051 μὴν
986 971 1055 1051 μετὰ
1109 972 1276 1053 χρησάμενος
1286 977 1334 1034 οῦκ
1345 975 1461 1048 ἠδυνήθη
1475 977 1627 1057 κατᾶραείς
1640 978 1684 1038 τδν
1697 978 1869 1054 λιμίνα,ἀλλά

280 1058 406 1121 τοσούτου
417 1064 545 1140 χειμῶνος
559 1061 604 1122 καλ
624 1061 724 1145 ψύχους
746 1062 792 1124 καλ
808 1067 913 1144 νιρετοῦ
929 1061 1055 1142 θρμηθελς
1109 1062 1240 1141 προσέσχε
1253 1066 1291 1142 τῷ
1308 1063 1514 1145 Κεράλῳ,όκρα
1525 1067 1571 1135 τῆς
1581 1064 1695 1146 Ἰμόρου
1706 1065 1768 1147 πρός
1778 1088 1869 1142 μισημ·

226 1166 230 1173 ·
280 1148 334 1207 ἀπὸ
347 1152 395 1221 τῆς
416 1149 517 1219 πόλεως
538 1158 689 1227 τεταρταῖος
713 1152 859 1262 ἀρικνεῖεαι
880 1151 906 1218 ίς
929 1150 1055 1228 Κύψελα,
1110 1148 1186 1229 όρίαν
1206 1149 1328 1230 ἀκλύστῳ
1342 1173 1371 1210 τε
1390 1150 1456 1232 οὔσῃ
1471 1155 1517 1211 καὶ
1532 1153 1655 1233 είιδιεινῇ.
1697 1155 1751 1214 Καί
1769 1154 1869 1234 «πίμγες

280 1234 375 1314 κώμην
395 1237 514 1314 μεγάλην
533 1244 599 1315 νῦν,
619 1237 696 1298 πόλιν
718 1261 798 1297 ουσαν
817 1238 848 1297 τό
866 1236 981 1296 παλαιδν
1004 1242 1056 1297 τῶν
1111 1236 1222 1316 ἄγγελον
1244 1241 1430 1317 μετακαλεῖται
1451 1239 1627 1322 Κριτόόουλον
1641 1240 1689 1301 καλ
1706 1241 1868 1322 παραδίδωσιν

279 1326 450 1402 ὀνομαστῶν,
467 1324 618 1404 ἀπέχουσαν
631 1330 679 1399 τῆς
693 1326 775 1387 λίνου
789 1325 859 1386 κατὰ
872 1329 921 1404 γῆν
936 1325 1057 1394 σταδίους
1112 1327 1184 1405 αύτῷ
1199 1326 1248 1399 τήν
1261 1332 1290 1386 τε
1303 1331 1382 1398 νῆσον
1406 1336 1495 1388 πᾶσαν
1518 1330 1563 1388 καί
1582 1328 1616 1387 τότ
1629 1331 1656 1387 ἐν
1684 1331 1750 1409 αὐτῇ
1773 1329 1867 1412 ρροόρια

279 1411 435 1472 ίκατόνπαυ
447 1412 576 1490 μάλιστα.
1110 1413 1201 1494 ἀρχεεν
1220 1437 1249 1473 τε
1272 1417 1319 1473 καλ
1343 1416 1496 1497 ρυλάττειν·
1518 1416 1595 1483 αὐτός
1617 1416 1646 1476 δὲ
1668 1417 1802 1478 ἀναλαόιλν
1820 1416 1869 1484 τούς

318 1502 380 1565 XV.
393 1502 428 1562 Οἱ
443 1501 471 1561 δὲ
486 1502 514 1560 ἐν
529 1504 564 1582 τῇ
584 1503 661 1563 πόλει
679 1500 753 1582 Λίνῳ
764 1500 861 1568 ἰδόντες
875 1524 905 1560 τε
923 1499 993 1560 κατθι
1006 1499 1056 1560 θά-
1109 1504 1230 1584 Δωριίως
1244 1503 1379 1584 ἁρμοστάς
1394 1505 1558 1564 ἀπίπλευσεν
1572 1507 1616 1563 ἐπὶ
1627 1505 1700 1565 οἴκου
1714 1508 1738 1573 e<
1749 1505 1865 1565 Καλλισθ-

279 1593 382 1665 λασσαν
395 1592 560 1671 ἐφορμοῦντα
574 1593 612 1671 τῷ
625 1590 712 1669 λιμένι
723 1590 768 1651 τόν
780 1589 891 1663 στόλον,
905 1590 952 1662 τήν
965 1612 994 1648 τε
1007 1595 1055 1648 τοῦ
1109 1592 1197 1652 πολιν.
1216 1590 1251 1672 (t)
1293 1591 1408 1672 Δωριεὺς
1426 1593 1453 1652 δί
1473 1597 1504 1653 ἐκ
1525 1591 1704 1675 Σαμοθρᾴκης
1726 1595 1752 1660 t<
1765 1595 1809 1669 μίν
1826 1592 1866 1663 τὴν

280 1679 410 1761 βασιλέως
430 1679 527 1758 ἀθρόαν
541 1678 631 1762 ίροδον
646 1681 672 1738 ἀν
691 1679 821 1762 Κυψίλοις
836 1679 983 1757 μαθόντες,
997 1678 1053 1747 ἐξε-
1108 1677 1313 1758 πεντηκόντορον
1349 1681 1397 1740 οθκ
1420 1682 1528 1751 ἐσῆλθεν
1552 1680 1611 1740 otii
1632 1685 1724 1764 ἀρῖκτο
1743 1680 1803 1761 πρός
1818 1680 1868 1742 Ἰω-

278 1766 420 1846 πλάγηπάν
431 1791 462 1827 τε
476 1770 514 1849 τῷ
534 1767 681 1848 γενομίνῳ,
696 1768 743 1827 καλ
756 1768 804 1841 τὴν
821 1767 908 1826 αἰτίαν
927 1768 1054 1843 μηδαμοῦ
1109 1767 1219 1846 νούζην,
1235 1767 1323 1835 δείσας
1336 1768 1427 1841 αθτδν,
1441 1772 1476 1836 ῶς
1489 1758 1578 1844 οἶμαι,
1590 1767 1714 1846 intecti
1729 1771 1755 1837 ἐς
1763 1769 1866 1846 πάραλον

279 1856 387 1925 ξυνιδεῖν
402 1855 513 1935 ἔχοντες
531 1858 557 1921 ἐς
571 1855 719 1932 ἀπόγνωσιν
734 1852 775 1914 ότι
790 1854 917 1927 πλείστην
932 1854 978 1913 καί
991 1857 1053 1913 ἀπο·
1107 1854 1155 1924 τὴν
1167 1857 1260 1929 αὑτοῦ,
1277 1855 1439 1916 ἀπίπλευσεν
1452 1857 1495 1914 tat
1509 1855 1592 1915 Λίνου
1607 1857 1726 1917 κάκεῖθεν
1738 1856 1834 1934 όρίκεεο
1845 1858 1864 1920 ἐς

279 1946 337 2027 ρίαν
356 1943 497 2016 δεινὴν-καὶ
509 1943 589 2023 ρόόον
611 1944 750 2021 ἀνέπεσον,
766 1945 803 2021 μή
819 1943 923 2024 ἔχοντες
943 1942 984 2001 ότι
1005 1944 1050 2002 καί
1108 1940 1155 2014 τὴν
1170 1942 1316 2023 Ἀδριανοῦ·
1328 1944 1374 2004 καὶ
1388 1947 1415 2013 i<
1428 1945 1488 2026 όψιν
1508 1943 1591 2003 ἐλθὼν
1606 1948 1645 2025 τῷ
1659 1945 1760 2025 βασιλεῖ
1777 1940 1867 2021 δέχεταί

277 2033 410 2113 δράσειαν.
432 2032 467 2111 (υ)
513 2031 659 2109 Ἐνόμισαν
682 2032 734 2113 γάρ
749 2030 935 2109 ἀναρπάστους
954 2029 985 2088 ἀν
1005 2031 1052 2088 αθ·
1107 2055 1135 2091 τε
1146 2031 1210 2110 παρ’
1222 2033 1299 2091 αὐτοῦ
1310 2032 1428 2111 ἡμέρως,
1445 2031 1491 2090 καί
1501 2031 1699 2115 φιλανθρωπίας
1712 2030 1755 2090 καὶ
1762 2030 1866 2111 προνοίας

277 2119 337 2188 τούς
347 2117 425 2188 εὐθὺς
435 2120 596 2199 γενήσεσθαι
619 2117 664 2187 ξὺν
680 2120 780 2197 γυναιξὶ
792 2119 838 2178 καῖ
856 2118 955 2186 είκνοις
969 2120 1055 2187 αὐτοῖς
1111 2124 1199 2200 τυχὼν
1222 2119 1354 2195 λαμόάνει
1377 2120 1458 2180 πάλιν
1479 2118 1527 2187 τάς
1541 2119 1637 2192 νήσους
1657 2122 1682 2187 e<
1694 2120 1759 2178 ἰδίαν
1777 2117 1865 2199 ἀρχὴν,

277 2207 505 2284 κατάτιγῆνκαλ
520 2207 656 2266 θάλασσαν
675 2205 887 2286 προσόάλλοντας
908 2210 955 2265 τοῦ
976 2205 1054 2265 όασε·
1109 2204 1222 2287 Ἰμόρον
1246 2205 1292 2265 καὶ
1315 2210 1423 2284 Λῆμνον
1446 2208 1491 2268 καὶ
1513 2206 1703 2291 Σαμοθρᾴκην.
1746 2204 1866 2275 Ἰωνούζηε

276 2295 353 2365 λίιος.
376 2297 410 2375 (s)
452 2294 568 2377 Δωριεὺς
584 2294 636 2375 γάρ
657 2299 672 2354 θ
697 2294 796 2356 τούτων
819 2293 926 2375 ἡγεμὼν
955 2298 1001 2355 οῦκ
1021 2286 1055 2367 ἦν
1110 2294 1138 2353 δὲ
1151 2295 1231 2375 ὀργὴν
1252 2294 1322 2375 ίχων
1340 2301 1380 2376 τῷ
1401 2302 1517 2377 Δωριεῖ,
1532 2295 1573 2361 ότι
1587 2322 1620 2377 γε
1642 2299 1690 2357 οῦκ
1709 2300 1797 2378 ἀρῖκεο
1811 2293 1865 2372 παρ’

277 2388 362 2445 ἀκεῖσε
381 2383 441 2444 τότε
457 2382 569 2464 παρὼν,
585 2385 645 2442 ἀλλ’
665 2383 744 2463 ἔτυχε
762 2376 815 2465 πρὸ
831 2387 927 2463 μικροῦ
949 2384 976 2449 ίς
995 2385 1054 2443 Σα-
1110 2382 1210 2459 αὐτόν,
1227 2385 1262 2450 ῶς
1277 2382 1309 2440 ἀν
1323 2383 1357 2442 δι’
1373 2384 1452 2443 αύτοῦ
1466 2386 1632 2466 προσαχθείη
1646 2388 1684 2467 τῷ
1701 2386 1808 2466 βασιλεῖ,
1818 2378 1865 2440 ἀλλ’

277 2472 412 2553 μοθρᾴκην
430 2475 509 2542 νῆσον
526 2470 643 2551 ἀπάρας,
657 2471 870 2552 παραχειμάσων
884 2471 951 2530 ἐκεῖ.
974 2470 1053 2543 Πλείν
1112 2470 1256 2551 ὑπεροψίαν
1267 2473 1360 2531 ἑαυτοῦ
1373 2471 1522 2548 νομίσαςτδ
1535 2480 1666 2552 πρᾶγμα,
1680 2472 1724 2531 καλ
1737 2469 1865 2548 ἀμύνασθαι

275 2583 306 2640 γε
322 2559 354 2631 δὴ
368 2561 399 2618 ίκ
409 2560 460 2617 τῶν
478 2558 586 2618 ἀνάκτοιν
599 2557 696 2638 ἀνδρας
709 2556 900 2636 ἀπολεξάμενον
912 2556 973 2628 τοὺς
982 2557 1053 2638 πρόε-
1110 2558 1266 2636 βουλόμενος
1289 2564 1394 2632 τοῦτον,
1417 2559 1518 2636 πίμπει
1539 2563 1627 2641 κρύφα
1651 2564 1688 2641 τῷ
1708 2560 1814 2639 βασιλεῖ,
1833 2556 1865 2614 ἔτι

276 2671 346 2721 τουςι
356 2651 409 2708 τῶν
424 2645 488 2725 παρ’
506 2647 594 2714 attat<
616 2647 765 2724 πέμπουσιν
780 2651 816 2715 ῶς
838 2646 968 2726 βασιλέα,
985 2649 1053 2706 ίνδε-
1108 2646 1181 2714 όντος
1194 2645 1314 2727 Δωριίως
1328 2649 1355 2705 ir
1369 2650 1402 2725 τῇ
1412 2648 1564 2727 Ἀδριανοῦ,
1581 2646 1622 2724 μὴ
1634 2650 1686 2708 δεῖν
1699 2646 1776 2726 λόγων
1791 2645 1863 2704 ίκδοῦ·
1894 2664 1895 2667 ’

280 2736 365 2804 δόντες
375 2734 482 2801 ἑαυτούς
492 2758 521 2793 τε
533 2734 577 2794 καί
590 2735 639 2807 τὴν
649 2735 725 2795 πόλιν
739 2737 811 2815 αύτῷ
822 2734 866 2794 ἐπὶ
882 2738 921 2814 τῷ
932 2734 1013 2812 μηδίν
1024 2759 1051 2796 τι
1108 2759 1151 2795 ναι
1162 2735 1210 2802 τθς
1222 2735 1316 2807 νήσους
1327 2738 1365 2814 τῷ
1374 2739 1488 2816 Δωριεῖ,
1499 2738 1552 2793 τῶν
1565 2759 1595 2795 τε
1608 2739 1739 2809 νησιωτῶν
1752 2736 1779 2793 σθ
1792 2753 1863 2810 παρα-

276 2825 358 2885 κακδν
379 2831 480 2885 παθεῖν·
497 2826 528 2901 (t)
569 2823 697 2891 Βασιλεὺς
707 2824 734 2884 δί
746 2823 859 2897 ἥκοντας
873 2824 981 2904 δέχεται
994 2825 1051 2884 τού·
1107 2822 1256 2903 δεχομένων
1271 2823 1365 2895 αὐτόν,
1377 2822 1424 2883 καλ
1436 2823 1521 2905 δύσνεμ
1534 2823 1592 2885 όντι
1609 2826 1698 2907 evipi,
1709 2823 1750 2883 ἵνα
1763 2821 1797 2901 μὴ
1806 2816 1861 2879 κατθ

275 2936 334 2983 τους
350 2914 468 2995 ἠμίρως,
484 2911 530 2972 καλ
539 2912 659 2984 λαλήσας
672 2912 790 2993 είρηνικά
807 2917 865 2990 μετ’
878 2914 982 2987 αάτῶν,
1004 2913 1050 2972 καί
1106 2910 1207 2982 πολλὴν
1225 2912 1314 2972 άδειαν
1329 2912 1376 2983 τὴν
1392 2914 1419 2971 ἐν
1434 2920 1492 2980 ταῖς
1503 2912 1594 2984 νήσοις
1611 2919 1760 2994 νεοχμώση,
1776 2910 1827 2968 ἀλλ’
1840 2908 1861 2963 tt

274 3026 335 3062 τινα
357 2993 394 3062 ῶν
409 3001 488 3082 ᾔτουν
504 3000 562 3069 tot<
582 2999 735 3078 ἀποπέμπει
747 3000 848 3061 ὀπίσω·
865 2998 1051 3078 ξυμπίμπειδθ
1106 3024 1140 3077 τη
1155 2999 1277 3080 μεσογείερ
1293 3001 1382 3059 δοῦναι
1394 2999 1484 3081 χώραν
1501 3002 1572 3080 αὐτῷ
1586 3003 1614 3068 ἐς
1622 2998 1767 3082 διατροφήν.
1781 2995 1812 3077 (1)
1819 2996 1862 3054 iio·

275 3091 364 3158 αύτοῖς
375 3090 420 3149 καί
434 3088 634 3169 Μαχουμούτεα
646 3092 690 3149 τὸν
705 3090 822 3167 πασίαν,
839 3089 888 3163 τὴν
904 3094 981 3150 πολιν
995 3114 1051 3150 πα-
1109 3086 1195 3157 σιλεθς
1208 3086 1236 3146 δὲ
1253 3086 1370 3147 πείθεται
1384 3087 1496 3162 τούτοις,
1507 3088 1553 3151 καλ
1564 3087 1615 3156 τάς
1630 3088 1676 3165 μίν
1690 3088 1776 3160 νήσους
1788 3104 1862 3160 παρα·
1894 3096 1895 3111 ’

276 3177 469 3257 ραληψόμενον.
492 3168 538 3255 Τῇ
557 3178 580 3234 δ’
605 3177 730 3256 ὑστεραία
761 3176 807 3237 καλ
834 3176 948 3244 αύτθςίς
971 3177 1052 3248 αῦτλν
1113 3175 1237 3256 κατάχεε,
1254 3175 1346 3235 δίδωσι
1360 3174 1386 3236 δὲ
1399 3179 1472 3256 αύτῷ
1490 3176 1523 3236 τό
1537 3177 1603 3258 περλ
1618 3181 1709 3256 Ζῆχνα
1721 3173 1797 3256 χωρία
1807 3193 1862 3245 καρ-
1894 3188 1895 3191 ’

276 3265 424 3343 ἀφικνεῖται
455 3262 501 3322 καλ
527 3262 637 3324 scritta
664 3266 691 3331 ἐς
720 3263 753 3323 τό
785 3265 905 3344 βασίλεια
932 3265 1054 3344 Δωριέως
1108 3268 1228 3325 ποῦσθαι.
1248 3264 1281 3341 (ο)
1310 3263 1438 3345 Δωριεύς
1452 3263 1480 3323 it
1490 3263 1616 3324 άπιλθόον
1632 3267 1712 3325 ἐκεῖσε
1724 3261 1763 3323 καί
1775 3255 1863 3343 βραχὺν
1894 3270 1895 3285 ³

263 3352 427 3430 ’ἀφαιρεῖται
440 3349 529 3413 πάντα
553 3351 596 3408 τὸν
613 3354 746 3423 πλοῦτον,
768 3350 796 3409 δν
810 3343 893 3430 ,εύρεν
913 3355 939 3412 ἰν
966 3353 1053 3422 αὐτοῖς
1106 3350 1198 3430 χρόνον
1212 3352 1293 3410 αὐτοῦ
1311 3349 1467 3430 διαγαγὼν,
1482 3353 1575 3430 μικρὸν
1588 3345 1779 3433 ῦσεερονρυγθς
1790 3341 1863 3423 “iim
1894 3410 1895 3413 ,

273 3444 373 3522 χρυσοῦ
387 3439 433 3498 καὶ
450 3438 564 3520 ἀργύρου
583 3439 695 3498 καὶτῶν
712 3441 819 3512 ἀλλων,
842 3444 876 3507 ὡς
896 3438 924 3499 ti
946 3442 990 3499 καλ
1007 3442 1053 3509 τὰς
1112 3442 1137 3506 ἀς
1153 3438 1325 3512 Μιτυλήνην,
1343 3441 1464 3499 κάκεῖθεν
1480 3443 1506 3506 ἐς
1522 3438 1614 3507 Νάξον
1631 3439 1720 3507 διαόάς
1738 3436 1779 3494 καὶ
1790 3431 1863 3512 γήμαι
1894 3480 1895 3483 ,

275 3526 360 3595 οἰκίας
383 3524 521 3606 διαρπάζει
547 3529 599 3585 τῶν
622 3527 739 3586 δυνατῶν
762 3530 814 3585 τῶν
838 3526 906 3605 μετά
930 3528 1051 3608 Δωριέως
1110 3527 1137 3584 ίν
1157 3526 1276 3607 τῇνιίσιρ
1288 3527 1343 3594 θυδς
1356 3529 1408 3587 τῶν
1422 3529 1539 3587 δυνατῶν
1555 3528 1704 3609 θυγατίρα,
1719 3525 1796 3603 ίμιινε
1810 3518 1862 3609 παρ’

275 3615 413 3678 ἀπόντων.
461 3615 494 3694 (t)
510 3608 669 3693 Ἐπεμιίνας
683 3613 711 3673 δὲ
722 3615 823 3696 ἀμόρας
835 3624 905 3693 τρεῖς
920 3618 990 3696 ἐντῇ
1005 3617 1054 3675 πό-
1110 3618 1188 3697 αύτῇ.
1342 3658 1344 3663 ·
1461 3660 1465 3667 -

275 3707 316 3766 λει
329 3707 375 3765 καί
391 3703 541 3782 διαθέμενος
555 3705 587 3764 τὰ
599 3706 658 3763 κατ’
673 3703 754 3776 αὐτὴν
765 3707 801 3772 ὡς
821 3703 905 3763 ίδόκει
921 3706 962 3777 σί,
976 3707 1050 3765 ἀπο·
1067 3769 1070 3773 ,
1150 3704 1241 3766 xvii.
1259 3703 1388 3774 Βασιλεὺς
1402 3703 1430 3764 δί
1445 3704 1542 3782 διάγων
1564 3707 1594 3765 ἀν
1610 3701 1805 3786 ’tepuissetis
1820 3699 1858 3754 7ῦῦ

277 3793 419 3870 λεξάμενύς
445 3815 474 3850 τε
496 3794 594 3859 παῖδας
618 3790 782 3863 πεντήκοντα
805 3793 850 3852 καῖ
876 3794 969 3855 ἑκατόν
993 3793 1053 3863 τοῦς
1111 3792 1190 3851 αὐτοῦ
1204 3796 1349 3872 χειμῶνος,
1365 3791 1490 3875 στρατιάν
1506 3793 1627 3869 μεγάλην
1637 3785 1802 3875 inponunt
1815 3805 1861 3861 tii·
1894 3832 1895 3835 =

276 3880 412 3962 ἀρίστους,
432 3883 478 3941 καλ
493 3881 609 3962 ἄρχοντα
624 3880 769 3953 ἀπιστήσας
787 3883 855 3963 αὐτῇ
879 3882 960 3964 ἀνδρα
977 3881 1049 3952 ξυνε-
1111 3882 1197 3962 χανάς
1216 3881 1391 3952 κατεσκεύαζε
1404 3879 1469 3960 πρός
1487 3888 1543 3948 ταῖς
1564 3881 1655 3949 οὔσαις
1667 3879 1766 3942 πλείους
1784 3895 1811 3932 τε
1824 3868 1862 3928 καί

275 3971 320 4030 τόν
335 3995 364 4030 τε
377 3970 423 4031 καλ
434 3968 494 4037 τοῦς
506 3970 617 4051 τρόπους
634 3969 750 4049 χρηστὸν
762 3970 899 4049 Μωράτην
916 3970 984 4029 ούτω
997 3994 1048 4030 κα·
1106 3971 1280 4051 ἰσχυροτάτας
1293 3970 1339 4030 καί
1353 3970 1423 4028 όπλα
1436 3968 1556 4047 ξυνίλεγε
1572 3970 1619 4029 καλ
1630 3977 1719 4029 πᾶσαν
1732 3965 1809 4032 ἀλλην
1819 3981 1860 4017 πο·

276 4057 416 4133 λυύμενον,
430 4057 563 4115 ἐπάνεισιν
578 4059 604 4123 ίς
617 4056 665 4128 τὴν
684 4056 828 4137 Ἀδριανοῦ.
1108 4059 1221 4135 λεμικὴν
1239 4057 1332 4139 χρείαν
1355 4056 1490 4137 ίξήρτυεν·
1512 4059 1542 4117 ού
1565 4058 1654 4133 μέντοι
1676 4079 1705 4134 γε
1734 4048 1863 4118 κιιτάδθλον
1894 4084 1895 4099 ¹

285 4155 1863 4187 u————————-——==——————-——--
1894 4176 1895 4191 i

308 4233 359 4281 xv.
372 4232 418 4296 §t.
430 4234 472 4294 Τῷ
479 4231 626 4297 λιμένιμιῖιῖ.
637 4245 701 4296 rugo.
713 4232 725 4297 11
734 4232 790 4296 -§
802 4238 825 4284 3.
837 4234 880 4282 οὐκ
893 4232 922 4292 ἦν
935 4233 1044 4282 ἐκεῖσε...
1057 4231 1117 4294 ἀλλ’]
1130 4231 1187 4281 add.
1199 4244 1265 4295 ingo.
1278 4232 1289 4296 lt
1304 4263 1334 4274 -
1346 4233 1368 4289 ἐς
1381 4231 1547 4297 Σαμοθρᾴκην]
1568 4233 1605 4283 Gt.
1620 4229 1708 4282 seoda
1721 4228 1746 4278 ct
1758 4228 1814 4275 Duc.
1823 4216 1860 4297 ii.
1894 4222 1895 4267 1

261 4299 266 4308 ’
306 4302 374 4355 xvl.
386 4300 402 4364 §
414 4306 437 4351 1.
452 4302 566 4366 Κεφάλῳ]
577 4303 717 4353 Etiamnum
730 4315 779 4368 cop
794 4301 920 4369 cephalo.
931 4306 983 4353 Sec.
1000 4301 1144 4353 Seeueddin.
1155 4302 1273 4365 Junisbeg
1284 4302 1316 4353 ab
1326 4305 1387 4352 AEno
1397 4303 1494 4353 solvens
1508 4303 1619 4352 Thasum
1631 4299 1732 4351 insulam
1740 4290 1858 4354 occupant.

262 4374 520 4437 nomannorum.
537 4377 591 4437 333,
604 4372 668 4424 lianc
680 4374 786 4425 insutum
795 4376 847 4438 jam
860 4374 1012 4439 &memhris
1026 4387 1109 4423 mense
1120 4387 1160 4423 sn.
1174 4377 1233 4422 1155
1248 4373 1394 4423 Mechcmcti
1406 4371 1506 4422 dederat
1519 4372 1662 4422 Donnnicus
1676 4363 1859 4428 nestiprtroets·

264 4441 289 4507 ἸΙ
310 4443 368 4508 -§
384 4446 408 4493 3.
420 4445 452 4499 τῖς
461 4443 515 4506 ὄψιν
528 4446 600 4494 ἐλθὼν
612 4451 646 4507 τῷ
660 4448 752 4509 βασιλεῖ
765 4449 812 4497 etc.
819 4445 835 4511 ]’
841 4447 902 4496 item
922 4446 957 4495 ita
973 4448 1056 4495 narrat
1076 4443 1245 4495 Seadeddinus
1261 4461 1267 4492 ;
1288 4442 1406 4494 Εοεεκιίο
1423 4445 1520 4492 econio
1539 4442 1703 4493 humiliatae
1719 4427 1859 4495 mortificato

276 4516 337 4566 olto
352 4515 410 4565 rect
421 4517 506 4577 corte,
519 4514 704 4565 comanente
715 4518 818 4579 qratia,
831 4516 979 4581 epresento
990 4516 1021 4567 ol
1032 4517 1062 4577 re
1071 4528 1128 4565 τινα
1139 4515 1281 4565 bellissimo
1293 4509 1416 4577 liuliuola
1429 4527 1480 4562 con
1490 4512 1556 4563 altri
1561 4512 1703 4577 presentie
1716 4503 1806 4570 στραὶίς
1814 4506 1859 4562 Μ·

278 4586 354 4637 tocie
376 4586 401 4636 ie
423 4598 471 4636 ενα
494 4586 569 4651 colpe
580 4585 678 4651 [εινοιιο
694 4588 840 4651 perdonate
853 4590 878 4637 et
893 4602 911 4637 a
931 4588 968 4638 tue
979 4599 1098 4637 concessa
1110 4584 1137 4635 la
1156 4584 1285 4635 conitendo
1306 4584 1334 4633 m·
1345 4582 1453 4633 Saciioo
1470 4583 1570 4647 (Ζῆχνα
1587 4579 1709 4642 Criton),
1721 4591 1735 4627 e
1743 4586 1791 4640 per
1804 4579 1856 4619 ⁶0¹⁸·

277 4657 354 4708 corto
366 4657 425 4707 coti
438 4654 472 4721 sti
488 4660 693 4722 accompoynoto
705 4657 742 4707 do
753 4658 827 4708 ννεο111
839 4654 950 4721 officiati
968 4656 1041 4707 detta
1051 4654 1109 4706 real
1123 4658 1207 4717 corte,
1221 4667 1236 4703 ο
1248 4653 1311 4705 nell'
1324 4652 1427 4704 andare
1445 4651 1568 4703 havendo
1579 4652 1686 4701 'trovato
1707 4642 1860 4697 i'occostotts

275 4742 290 4778 e
307 4729 388 4793 quelli
401 4727 447 4779 ελε
460 4728 724 4794 θ’σσεοιαμαρασνοκο
737 4733 880 4780 troscurott
899 4728 1077 4790 enectiqenti,
1087 4726 1179 4791 sfodra
1196 4726 1224 4776 to
1236 4724 1323 4790 spado
1337 4722 1445 4785 hostile,
1462 4723 1601 4773 esecondo
1613 4722 1642 4771 ta
1656 4715 1796 4769 εειααιείῖσο
1805 4716 1855 4772 per·
1894 4772 1895 4775 χ

274 4796 340 4863 tidie
353 4801 373 4850 tt
392 4797 450 4866 fece
462 4801 569 4851 martiri
581 4802 656 4862 tutti,
672 4802 697 4849 et
709 4799 759 4863 coit
768 4798 899 4863 Ῑιιρρεαάο
913 4802 943 4849 tn
954 4801 1039 4851 Italia
1055 4802 1077 4849 si
1088 4798 1171 4848 τοῖσι).
1196 4798 1207 4861 n
1222 4824 1254 4834 -
1262 4797 1303 4847 καὶ
1313 4794 1424 4859 Λῆμνον]
1436 4793 1530 4844 Lemnii
1539 4793 1621 4857 paullo
1630 4792 1685 4857 post
1696 4801 1709 4839 s
1722 4777 1857 4837 machomete

277 4871 419 4935 protectum
432 4870 556 4920 turcicum
567 4870 691 4934 petierunt
703 4874 730 4920 et
741 4869 915 4930 obflnuerunt,
934 4872 963 4919 ut
975 4884 989 4921 e
1000 4872 1068 4919 Duce
1076 4881 1100 4931 p.
1116 4872 1161 4919 336
1171 4869 1295 4919 norimus.
1793 4921 1798 4932 ,
1840 4912 1844 4922 .

309 4942 386 4991 xvii.
403 4940 572 5004 Expeditionis
584 4944 670 4991 contra
688 4939 934 5007 Beigradummstate
953 4953 993 4990 aii.
1013 4940 1072 4988 1133
1089 4941 1210 5001 susceptae
1228 4937 1416 5003 descriptionem
1431 4935 1607 4985 accuratiorem
1619 4932 1684 4995 legas
1696 4924 1758 4991 apud
1775 4918 1855 5000 liiii?

279 5012 373 5061 anunm
391 5019 415 5073 7,
437 5026 460 5075 p.
478 5016 508 5061 73
525 5026 579 5076 sqq,
594 5012 787 5062 consarcinatam
803 5011 938 5061 eiontihus
952 5009 1051 5076 grcecis,
1065 5008 1168 5070 italicis,
1186 5008 1309 5073 ungaricis
1324 5010 1350 5059 et
1370 5006 1486 5067 turcicis,
1498 5016 1606 5069 quorum
1620 5011 1744 5053 recensum
1765 4983 1856 5042 litium

174 5130 176 5133 .
279 5083 426 5132 Hammcrus
441 5090 464 5141 2,
479 5095 503 5147 p.
516 5087 599 5134 ittet
611 5082 679 5133 zini.
695 5096 719 5147 p.
737 5088 767 5132 115
781 5084 832 5132 not.
853 5084 872 5131 E
892 5082 1031 5144 Byzantinis
1043 5080 1202 5143 script-oribus
1217 5083 1300 5130 Ducas
1316 5094 1344 5143 ρ.
1366 5082 1410 5130 337
1431 5076 1585 5142 paucissimis
1601 5087 1652 5125 rcm
1668 5066 1779 5123 absoluit,
1791 5055 1855 5109 mnus
1894 5124 1895 5133 ¹

279 5162 340 5199 reno
358 5151 436 5201 tradit
450 5151 658 5218 cnslcocondyias
671 5166 695 5216 p.
710 5155 822 5202 113111.
839 5151 958 5204 θεῖιοθιείῖ
967 5151 1074 5203 namatio
1093 5149 1172 5215 pretio
1190 5150 1215 5199 et
1231 5150 1384 5201 aucmrttste·
1397 5150 1478 5209 caret,
1491 5161 1570 5211 quum
1587 5147 1614 5195 et
1629 5154 1713 5194 manca
1730 5136 1760 5187 sit
1771 5131 1795 5182 ct
1808 5135 1855 5190 prr·
1894 5168 1895 5173 τ

276 5270 282 5281 ,
302 5236 345 5273 um
358 5223 441 5273 studio
466 5224 561 5275 cladem
578 5224 738 5277 Mecticrnetis
756 5224 836 5274 cetere
856 5224 968 5284 student,
989 5221 1051 5272 adeo
1063 5223 1093 5272 ut
1107 5219 1235 5271 critobulo
1256 5223 1343 5273 Graeco
1363 5218 1481 5271 sincerior
1493 5217 1527 5267 sit
1549 5218 1644 5283 'turcus
1657 5203 1818 5262 scientiore.
1834 5196 1853 5247 ²»

280 5223 308 5358 ἀ.
326 5296 379 5354 trs,
399 5293 442 5357 qui
456 5295 551 5346 cladem
568 5300 594 5347 ct
613 5295 711 5347 τοιαῦτα
730 5296 853 5346 exercitus
870 5294 945 5344 tihcrc
960 5295 1052 5343 tutetur
1075 5294 1198 5356 (escrctto
1219 5292 1287 5343 resto
1307 5288 1416 5354 dissotto
1433 5301 1447 5339 e
1465 5284 1619 5348 revincto),
1638 5270 1858 5331 intonantium
