3890 6044
295 436 322 515 ttj
1025 440 1240 502 PRAEFATIO.

297 564 450 664 praebeat
477 566 748 639 adminiculum.
777 569 942 639 EPrisco
960 584 996 640 et
1017 570 1172 641 Eusebio
1191 597 1270 667 quae
1292 572 1506 661 asseruntur,
1526 599 1566 644 ea
1595 599 1688 645 nova
1711 599 1857 675 prorsus

295 691 415 762 dicere
432 688 528 761 licet.
545 693 692 762 loannis
711 692 926 763 A'ntiocheni
945 693 1141 789 fragmenta
1157 694 1203 765 de
1218 693 1326 766 rebus
1339 697 1491 767 Zenonis
1510 711 1546 768 et
1561 697 1733 768 Anastasii
1748 698 1858 794 impe-

295 829 474 904 ratorum,
489 838 532 884 er
554 815 700 913 optimis
725 814 886 886 fontibus
906 816 1015 887 ducta
1031 830 1115 887 sunt
1143 839 1210 886 nec
1228 840 1344 913 pauca
1367 815 1503 888 habent
1524 842 1653 915 parum
1674 818 1858 915 hucusque
1930 854 1931 903 t

294 938 455 1033 cognita,
471 938 509 1008 in
527 937 596 1009 illis
616 940 812 1035 prasertim
829 964 908 1037 quae
927 953 1010 1010 suut
1024 940 1070 1010 de
1088 938 1191 1010 bellis
1205 941 1371 1039 ¹Isaurico
1392 954 1428 1011 et
1448 941 1636 1012 Vitaliano.
1659 946 1776 1011 Homo
1796 965 1859 1011 no·
1930 984 1931 989 κ

294 1084 361 1131 vus
374 1075 409 1131 et
427 1075 531 1131 antea
550 1085 596 1131 ne
612 1063 759 1132 nomine
773 1063 921 1159 quidem
935 1078 1042 1134 notus
1058 1064 1225 1160 procedit
1242 1062 1466 1148 Critobulus,
1478 1064 1542 1160 qui
1554 1067 1697 1134 Graecus
1717 1065 1862 1133 natione

294 1209 315 1254 a
330 1186 450 1256 Turcis
464 1184 586 1258 lmbro
601 1187 805 1284 praelectus,
826 1212 883 1259 res
898 1171 1127 1260 Mecliemetis
1142 1187 1297 1258 scribere
1311 1201 1347 1258 et
1361 1188 1427 1285 ipsi
1442 1193 1639 1258 Turcorum
1653 1188 1862 1284 imperatori

294 1331 386 1404 opus
403 1308 570 1380 dedicare
587 1335 711 1401 ausus,
732 1311 945 1407 singularem
969 1312 1062 1382 inter
1085 1335 1225 1382 coaevos
1241 1310 1434 1382 historicos
1459 1311 1580 1381 locum
1604 1308 1758 1381 obtinet.
1784 1314 1863 1380 Non
1931 1284 1932 1359 l

294 1455 509 1504 noveramus
535 1434 603 1505 nisi
630 1438 769 1505 Ducam
789 1449 825 1506 et
849 1435 1059 1506 Phrantzem
1080 1451 1115 1507 et
1140 1434 1485 1530 Chalcocondylam,
1512 1458 1708 1529 graecorum
1726 1435 1863 1531 princi·
1931 1416 1932 1427 ἵ

294 1578 382 1651 putn
407 1558 589 1627 ministros
614 1570 650 1627 et
675 1558 831 1628 nominis
856 1558 994 1629 Turcici
1021 1581 1144 1630 osores
1162 1557 1393 1629 acerbissimi.
1422 1560 1573 1628 Gratum
1600 1557 1707 1652 igitur
1733 1570 1865 1653 praesto

289 1675 365 1770 jam
383 1676 507 1748 adesse
530 1679 637 1750 etiam
655 1678 867 1750 historicum
887 1705 930 1750 ex
952 1680 1239 1753 adversariorum
1262 1682 1386 1752 castris
1409 1679 1631 1778 proiectum,
1651 1703 1762 1776 quem
1782 1679 1864 1750 licet
1932 1716 1933 1723 .

294 1799 471 1871 fateamur
488 1800 594 1897 longe
610 1801 734 1873 abesse
748 1816 789 1873 ut
812 1803 931 1874 studio
950 1803 1042 1875 liber
1060 1820 1180 1902 partes
1205 1829 1285 1876 suas
1299 1806 1368 1876 rite
1386 1803 1599 1901 expleverit,
1616 1827 1724 1874 nemo
1742 1816 1865 1873 tamen
1932 1792 1933 1795 ¹

294 1925 476 2018 negaverit
493 1924 670 2023 permulta
690 1923 736 1994 ab
752 1949 796 1995 eo
816 1925 1034 2025 suppeditari
1050 1926 1097 1997 ab
1114 1906 1186 1997 alio
1195 1926 1302 1997 'nullo
1321 1925 1466 2024 prodita
1485 1940 1521 1995 et
1539 1949 1618 2020 quae
1636 1923 1683 1994 ad
1706 1924 1866 2020 penitio-

293 2070 370 2116 rem
389 2071 511 2117 rerum
524 2062 602 2119 tum
617 2050 791 2146 temporis
806 2063 982 2144 gestarum
997 2049 1266 2144 intelligentiam
1282 2049 1379 2120 haud
1393 2048 1480 2118 levis
1495 2048 1668 2117 momenti
1685 2047 1771 2117 sint.
1790 2052 1867 2118 Huc

295 2170 434 2243 accedit
448 2172 547 2269 quod
563 2173 736 2243 orationis
752 2174 884 2244 virtute
898 2173 1103 2245 Critobulus
1116 2190 1254 2249 ceteros
1268 2175 1344 2270 ejus
1355 2174 1465 2244 aetatis
1479 2173 1670 2269 scriptores
1683 2170 1792 2266 longe
1807 2198 1865 2243 sn·
1933 2196 1934 2201 ’

295 2308 399 2390 perat
421 2309 457 2366 et
475 2297 689 2367 narrationis
707 2298 961 2395 perspicuitate
983 2313 1019 2370 et
1041 2299 1168 2395 spiritu
1189 2297 1349 2394 quodam
1372 2297 1515 2393 poetico
1535 2293 1707 2365 lectorem
1722 2293 1866 2365 demul-

293 2433 363 2491 cet.
381 2421 589 2516 Argumenti
603 2420 759 2518 quadam
774 2420 1036 2494 necessitudine
1051 2420 1220 2492 inductus
1236 2421 1338 2518 operi
1357 2420 1395 2490 in
1412 2443 1484 2515 quo
1503 2418 1639 2515 primas
1653 2431 1778 2488 tenent
1795 2418 1866 2488 lata

295 2544 645 2642 Constantinopolis,
673 2543 841 2639 subjunxi
870 2544 988 2615 Photii
1008 2543 1218 2641 patriarcbae
1240 2542 1286 2613 de
1315 2543 1431 2639 prima
1457 2546 1652 2612 Rossorum
1672 2542 1709 2612 in
1738 2566 1865 2637 agrum

295 2669 525 2763 Byzantinum
541 2668 727 2738 invasione
742 2666 907 2737 homilias
928 2666 1033 2756 duas,
1052 2690 1142 2764 quas
1157 2690 1200 2736 ex
1218 2664 1338 2736 Athoo
1356 2663 1481 2736 codice
1499 2663 1636 2762 primus
1654 2662 1768 2734 edidit
1789 2648 1862 2749 ltu-⁴

295 2804 416 2884 gustus
432 2791 601 2862 Nanltius.
623 2789 860 2886 Subsequitur
877 2815 959 2889 pars
972 2791 1090 2863 media
1104 2789 1236 2889 Peripli
1250 2791 1355 2861 Ponti
1370 2789 1520 2873 Euxini,
1536 2812 1647 2884 quem
1661 2812 1864 2884 anonymus
1934 2854 1935 2873 ,

294 2914 441 3013 quidam
464 2940 506 2986 er
529 2917 699 3013 periegesi
719 2914 871 2986 iambica
896 2929 931 2985 et
948 2915 1119 3012 Menippo
1139 2931 1175 2986 et
1196 2915 1346 2985 Arriano
1362 2912 1592 2983 concinnavit
1606 2925 1642 2982 et
1665 2913 1738 2983 suis
1753 2913 1865 3009 ipsius

294 3038 547 3111 additamentis
581 3039 737 3110 adauxit.
756 3043 837 3109 Haec
856 3052 893 3109 et
910 3052 1074 3108 veterum
1094 3034 1382 3133 geographorum
1403 3033 1598 3127 fragmenta
1614 3035 1750 3126 egregia
1769 3056 1861 3126 prae-
1934 3010 1936 3157 4

293 3161 354 3234 bet
374 3178 410 3234 et
430 3162 576 3233 lacunas
600 3187 679 3258 quae
694 3163 732 3232 in
750 3176 875 3233 nostro
895 3162 1037 3231 Arriani
1060 3159 1200 3257 periplo
1220 3156 1397 3245 latebant,
1415 3155 1533 3253 explet
1548 3170 1583 3226 et
1595 3209 1608 3259 ⁹.
1626 3152 1723 3249 quod
1746 3153 1858 3222 maxi·
1935 3194 1936 3201 .

294 3308 394 3353 mum
408 3298 478 3372 est,
498 3284 602 3354 Ponti
616 3307 687 3353 orae
700 3281 881 3354 orientalis
897 3282 1179 3379 descriptionem
1194 3279 1278 3349 satis
1292 3292 1494 3349 accuratam
1510 3275 1671 3364 exhibet,
1688 3289 1727 3345 ut
1740 3274 1863 3344 admo·
1934 3372 1936 3377 Δ

295 3404 339 3473 tis
359 3404 610 3474 recentissimis
626 3403 758 3474 tabulis
772 3406 943 3494 nauticis,
963 3428 1052 3500 quas
1067 3403 1320 3473 Britannorum
1337 3400 1524 3471 nauarchis
1543 3397 1735 3489 debemus,
1755 3396 1864 3467 situm

294 3541 455 3598 veterum
468 3525 631 3598 locorum
646 3526 761 3598 multo
779 3528 935 3599 exactius
952 3552 1060 3623 quam
1084 3540 1188 3597 antea
1210 3522 1503 3596 ticeret‘detinire
1516 3523 1710 3620 potuerim.
1729 3525 1865 3615 Agmen

294 3649 428 3721 claudit
442 3650 569 3748 Anapli
592 3652 789 3750 Bosporici,
807 3675 914 3748 quem
929 3650 1123 3746 Dionysius
1141 3648 1328 3745 Byzantius
1351 3646 1537 3735 condidit,
1553 3669 1636 3743 pars
1655 3657 1859 3742 postrema,

294 3797 336 3843 cx
349 3794 420 3870 qua
436 3787 536 3870 patet
556 3778 700 3845 Petrum
714 3773 863 3845 Gillium
878 3788 940 3844 aut
953 3797 1064 3869 greca
1081 3798 1146 3843 sua
1161 3797 1236 3844 non
1255 3770 1389 3868 ubique
1404 3768 1558 3841 lideliter
1573 3766 1771 3839 reddidisse
1787 3781 1862 3855 aut,

293 3895 392 3992 quod
416 3896 560 3985 malim,
582 3890 709 3968 codice
727 3922 832 3968 usum
851 3921 928 3968 esse
947 3896 1124 3968 deteriore
1142 3912 1180 3967 et
1203 3895 1341 3967 lacunis
1359 3892 1501 3964 mutilo.
1525 3896 1714 3978 Ceterum,
1734 3903 1775 3960 ut
1794 3889 1866 3962 hoc

291 4015 446 4107 addam,
471 4017 517 4088 ad
541 4017 753 4115 explicanda
781 4018 1062 4114 fragmentorum
1086 4032 1294 4116 argumenta
1321 4015 1420 4087 hand
1450 4013 1669 4085 mediocrem
1698 4007 1858 4081 attulisse

294 4136 383 4207 mihi
397 4137 524 4210 videor
537 4139 774 4235 diligentiam,
791 4165 899 4238 quam
917 4144 945 4213 si
963 4158 999 4214 tu
1015 4142 1114 4213 haud
1132 4141 1295 4213 inutilem
1310 4139 1418 4210 luisse
1429 4137 1666 4234 judicaveris,
1682 4131 1866 4229 gaudebo

293 4291 507 4376 Gor-rnen,
536 4314 642 4361 urus.
671 4293 761 4361 Nov.
1224 4286 1389 4361 Cinorus
1415 4289 1577 4357 Murum.

391 4414 660 4484 ttuuuctxtx.
