3906 6034
284 506 324 565 36
866 496 1025 558 Jnrnnns
1044 495 1278 558 Annocnnni

284 633 459 708 Ὑπαπαντήν
474 633 653 711 γυμνόποδος,
666 631 732 692 λίθοι
749 632 807 691 κατ’
819 632 899 690 αὐτοῦ
915 631 1051 711 έπίμφθη·

286 747 334 785 σαν
349 726 385 790 είς
405 722 439 781 τδι
463 712 631 803 Παρπιανού·
647 719 692 780 καὶ
705 719 826 780 ίκάθισόν
840 743 898 778 τινα
918 717 1053 799 φαλακρδν

287 815 323 879 είς
344 812 419 888 όνον,
436 811 557 888 βαλόντες
575 811 611 875 είς
624 807 672 880 τήν
691 807 807 888 κεφαλήν
827 810 905 866 αὐτοῦ
925 805 1053 883 σκόροδα,

285 899 349 978 πρὸς
366 897 478 975 μίμησιν
492 896 653 974 Μαυρικίου,
666 893 793 971 λέγοντες·
815 921 828 947 ε
846 886 915 972 Εὗρε
937 891 985 961 τήν
1008 891 1054 950 δό-

286 987 366 1062 μαλιν
380 982 485 1054 ἁπαλήν
499 985 545 1041 καί
556 980 699 1063 τρυφερδν,
720 980 766 1039 καί
784 986 819 1048 ὡς
832 980 863 1040 τδ
881 978 970 1040 καινθν
988 980 1052 1039 όλι·

285 1072 389 1152 κτόριν,
403 1070 483 1137 ούτως
498 1069 579 1141 αὐτήν
592 1068 777 1142 πεπήδηκεν.»

519 1196 522 1199 ’
564 1203 621 1259 ανδ
641 1202 671 1262 ό.
693 1200 768 1280 (όοο)

325 1324 391 1389 Ὅτι
406 1330 526 1408 ὑφωρᾶτο
540 1324 685 1404 Παυρίκιος
706 1328 742 1392 είς
762 1325 806 1384 τὸν
821 1324 931 1405 στρατδν
946 1324 1054 1405 θρφίκης

287 1416 332 1476 καὶ
340 1418 375 1481 εἰς
384 1415 428 1473 τδν
439 1413 558 1493 γαμόρδν
568 1412 744 1491 Φιλιππικὸν,
756 1413 802 1470 καί
812 1404 877 1472 τίθεν
889 1413 1053 1491 ἀποκάλυψιν

287 1509 301 1562 ό
314 1501 471 1582 Μαυρίκιος,
487 1500 528 1560 ότι
537 1498 630 1559 ίστατο
639 1504 666 1561 ἐν
677 1504 715 1579 τῷ
727 1504 851 1581 πορφυρῷ
861 1499 995 1580 μαρμαίρῳ
1006 1504 1054 1571 τῆς

288 1593 409 1661 Χαλκής·
429 1592 476 1649 καί
499 1588 585 1666 ἐλεγεν
609 1590 691 1668 αὐτῷ·
711 1613 724 1641 ι
743 1591 801 1647 Ποῦ
815 1587 1054 1664 θίλιις,ἀποδώσω

286 1701 341 1751 σοι,
357 1669 409 1737 ώδι
430 1675 447 1744 ἢ
466 1679 492 1734 ἐν
508 1678 546 1756 τῷ
563 1676 702 1753 μέλλοντις
720 1701 732 1726 ε
747 1673 781 1734 Ὁ
796 1672 822 1733 δί
836 1665 909 1734 είπεν
927 1701 939 1727 ι
956 1665 1008 1734 <in
1029 1700 1051 1737 ε.

286 1766 338 1826 Καὶ
348 1765 407 1824 τότε
416 1763 556 1843 ἐπέτρεψεν
569 1763 646 1823 αὐτδν
654 1763 789 1831 ἐκδοθῆναι
800 1762 886 1842 (honorii
894 1762 1051 1842 στρατιώτῃ,

283 1854 329 1913 καί
346 1855 492 1920 διυπνίσθη.
509 1850 650 1922 Ἐποίησεν
669 1841 713 1909 οὐν
738 1851 877 1927 μετάνοιαν
898 1852 935 1929 τῷ
949 1851 1051 1910 Φιλιπ-

284 1944 355 2020 πυιῷ
375 1935 557 2017 όΜαυρίκιος.
582 1937 615 2017 (ε)
639 1936 811 2016 Ἐπεχείρουν
832 1925 876 1995 οὐν
898 1937 922 1995 oi
945 1936 1052 2011 στρατοὶ

283 2027 391 2108 Θρηίκης
427 2024 581 2105 ἀνέρχεσθαι
615 2024 679 2104 πρός
714 2022 854 2094 ἐπιόουλήν
889 2023 1049 2103 Παυρικίου.

284 2112 493 2174 Ἐόουλεύσαντο
514 2103 559 2170 οὐν
579 2113 603 2169 οί
621 2109 727 2189 στρατοὶ
740 2109 798 2167 τίνα
813 2109 951 2181 ποιήσουσι
972 2113 1049 2187 βασι-

1109 627 1214 708 ξανδρον
1229 628 1274 686 καί
1286 628 1379 687 Λίλλιν
1391 626 1437 685 καί
1448 617 1527 699 ήλθον
1541 624 1589 692 ίως
1600 630 1644 683 τοῦ
1656 624 1764 703 κόμπου
1777 623 1880 687 Ἒόδόσ

1109 738 1171 793 μου.
1188 717 1346 796 Ὺφωρῶντο
1365 706 1409 773 οὐν
1433 715 1458 772 οἱ
1478 717 1525 785 τῆς
1543 712 1643 779 πόλεως
1658 712 1700 771 διά
1715 714 1881 793 Μαυρικίου,

1108 802 1153 863 καί
1171 803 1252 868 οὐδείς
1274 802 1372 879 ἐτόλμα
1386 799 1494 869 ἐξελθεῖν
1509 800 1573 880 πρδς
1590 798 1691 867 αὐτούς.
1712 799 1882 879 Ἐπεσύρετο

1108 883 1152 950 οὐν
1168 882 1204 957 είς
1218 890 1263 949 καί
1277 889 1357 969 ἀπῄει
1370 889 1434 969 πρὸς
1452 888 1495 947 τὸν
1510 887 1630 967 στρατόν.
1675 886 1708 967 (a)
1722 885 1879 961 ’Πόουλήθη

1108 983 1122 1038 δ
1138 977 1332 1059 Μαυρίκιοςτῇ
1349 976 1422 1037 νυκτί
1437 984 1524 1056 φυγεῖν
1539 975 1601 1054 πρὸς
1613 975 1659 1034 τδν
1673 974 1747 1053 ἀγιον
1763 974 1882 1036 Αὐτόνο-

1110 1090 1170 1143 μον,
1180 1067 1238 1124 ἀλλ’
1246 1064 1352 1124 ἐπίασεν
1363 1063 1441 1122 αὐτόν
1450 1067 1468 1134 ή
1477 1061 1619 1141 ποδαλγία.
1628 1061 1663 1141 (ι)
1672 1062 1883 1143 Προσερρύησαν

1109 1145 1154 1212 οὐν
1166 1152 1211 1211 καί
1223 1150 1256 1210 τά
1263 1151 1308 1212 δύο
1319 1151 1532 1228 μέρη,Πραίσινοι
1542 1149 1588 1208 καί
1599 1148 1713 1221 Βενετοί,
1727 1149 1775 1208 καί
1785 1150 1884 1216 πάντες

1112 1239 1177 1316 (καί)
1199 1237 1329 1318 ἀνήγαγον
1343 1237 1388 1298 τόν
1400 1238 1502 1297 Φωκᾶν
1521 1239 1556 1303 εἰς
1575 1237 1713 1319 σκουτόριν
1727 1239 1754 1295 ἐν
1774 1240 1813 1317 τῷ
1827 1260 1884 1317 τρι·

1111 1327 1242 1407 όουνελίῳ
1259 1331 1305 1384 onii
1319 1325 1425 1402 κόμπου
1439 1324 1484 1385 καί
1502 1325 1677 1404 ἀνηγόρευσαν
1700 1325 1778 1382 αὐτὸν
1803 1328 1882 1403 βασι·

1108 1416 1166 1473 λεά.
1180 1414 1214 1494 (ι)
1224 1413 1258 1475 Ὁ
1268 1413 1295 1472 δὲ
1306 1411 1451 1492 Μαυρίκιος
1462 1410 1589 1483 ἀκούσας,
1599 1410 1706 1479 ἐξελθὼν
1717 1409 1760 1470 διδ
1770 1411 1884 1490 κοχλίου

1110 1499 1193 1559 ἐδόκει
1212 1498 1279 1578 μετδι
1303 1504 1349 1559 τού
1375 1502 1430 1559 υίού
1455 1501 1533 1558 αὐτοῦ
1554 1497 1656 1578 φεύγειν
1680 1501 1716 1564 είς
1737 1497 1782 1556 τόν
1808 1497 1887 1577 ἅγιον

1109 1585 1258 1661 Αὐτόνομον
1285 1585 1330 1644 καί
1355 1585 1419 1666 πρδς
1443 1586 1564 1666 Χοσρόην
1589 1588 1616 1644 έν
1639 1585 1760 1664 Περσίδι.
1781 1578 1886 1647 ’Ἦνδί

1109 1676 1165 1750 μετ’
1178 1676 1257 1732 αὐτού
1286 1677 1331 1732 καί
1353 1674 1484 1755 Στέφανος
1507 1678 1521 1733 δ
1545 1673 1665 1754 βαίουλος
1687 1673 1850 1745 Θεοδοσίου,
1871 1678 1885 1732 ό

1108 1762 1199 1830 κτίσας
1211 1760 1245 1820 τδ
1261 1760 1403 1841 Ἁρματίου
1416 1765 1461 1823 καί
1475 1762 1505 1822 τό
1520 1762 1629 1839 Σόγμα.
1647 1762 1700 1823 Καὶ
1719 1761 1884 1839 ἀντανεμίας

1108 1850 1249 1926 γενομένης
1263 1848 1366 1920 ἐξῆλθεν
1380 1852 1414 1917 είς
1426 1851 1596 1929 Διαδρόμους.
1618 1849 1650 1930 (ε)
1660 1849 1693 1910 Ὁ
1703 1850 1729 1909 δὲ
1739 1851 1888 1916 Θεοδόσιος

1108 1934 1223 2008 ἠδυνήθη
1244 1937 1389 2017 διαφυγεῖν,
1410 1938 1455 1998 καί
1468 1938 1552 2006 οὐδεὶς
1572 1938 1665 2015 διέγνω
1676 1961 1684 1976 ·
1696 1941 1719 1997 oi
1733 1937 1761 1997 δλ
1775 1936 1886 2019 ἔφασαν

1108 2023 1148 2082 ότι
1163 2022 1264 2100 φεύγων
1279 2023 1402 2104 ἐξίόρασε
1417 2026 1461 2084 καί
1476 2025 1651 2097 ἐτελεύτησεν.
1667 2024 1702 2082 Ἦ
1716 2024 1743 2083 δὲ
1756 2026 1824 2103 γυνή
1838 2031 1887 2084 τοῦ

1110 2111 1239 2187 βασιλέως
1252 2110 1399 2188 Μαυρικίσυ
1411 2112 1456 2172 καί
1469 2112 1503 2171 τά
1516 2113 1594 2171 τίκνα
1607 2114 1721 2184 ἀπῆλθον
1734 2114 1761 2172 ἐν
1772 2114 1889 2186 Χαλκη·

283 2200 342 2262 λέα.
358 2200 502 2272 Ἐποίησαν
517 2189 560 2257 οὐν
576 2200 676 2261 Φωκδν
691 2197 735 2256 καί
749 2197 862 2276 ἀφίησαν
877 2196 920 2255 τόν
935 2219 963 2254 τε
981 2194 1052 2255 Ἀλί-
1108 2197 1180 2267 δόνι,
1194 2199 1208 2254 ό
1221 2197 1248 2256 δὲ
1270 2198 1433 2265 Φιλιππικθς
1447 2198 1565 2276 ἐκείρατο
1587 2200 1634 2269 τὴν
1648 2197 1731 2274 κόμην
1754 2200 1888 2277 κληρικδς

284 2369 388 2423 νεύοντος
408 2369 466 2431 μιτά
488 2367 565 2425 πόσης
581 2373 623 2425 τῆς
635 2367 738 2427 πόλεως,
749 2366 922 2429 παρερχομένου
933 2366 957 2413 ἐν
970 2372 1018 2421 τοῖς
1030 2367 1169 2428 Καρπιανοίς
1180 2403 1187 2424 ,
1199 2367 1362 2424 στασιάζουσιν
1379 2369 1405 2417 ἐκ
1416 2372 1458 2417 τοῖν
1473 2368 1573 2426 πλήθους
1586 2384 1644 2422 τινες
1653 2402 1660 2426 ,
1668 2369 1708 2415 καί
1721 2367 1798 2423 λίθους
1811 2369 1881 2417 κατὰ

284 2442 327 2487 τοῦ
344 2439 458 2500 βασιλέως
477 2438 589 2499 ἐδαλλον,
608 2438 671 2486 ὥστε
686 2437 750 2499 μόλις
764 2438 802 2485 τόν
820 2437 918 2498 βασιλέα
933 2436 976 2485 σὺν
988 2435 1109 2499 θεοδοσίῳ
1117 2440 1152 2499 τῷ
1162 2440 1206 2499 υἱῷ
1215 2436 1288 2485 αὐτοῦ
1297 2437 1439 2496 διασωθῆναι
1448 2438 1488 2484 καί
1505 2438 1548 2494 τήν
1558 2437 1629 2499 εὐχήν
1639 2438 1761 2501 πληρώσαι
1772 2436 1799 2484 ἐν
1814 2439 1884 2487 Βλα-

282 2508 381 2572 χέρναις.
389 2510 419 2557 01
431 2509 455 2556 δέ
463 2509 533 2567 δῆμοι
545 2508 649 2569 εύρόντες
660 2506 732 2569 ἀνδρα
743 2511 930 2569 προσομοιοῦντα
936 2506 1067 2570 Μαυρικίῳ,
1080 2508 1120 2554 καί
1135 2506 1243 2568 βαλόντες
1257 2508 1322 2570 αὐτῷ
1333 2507 1414 2568 σοίγιον
1425 2511 1512 2570 μαῡρον
1522 2509 1562 2556 καὶ
1575 2507 1622 2556 ἀπὸ
1633 2508 1739 2571 σκόρδων
1750 2508 1879 2564 πλέξαντες

284 2579 409 2641 στέφανον,
422 2580 463 2628 καὶ
476 2579 507 2633 είς
519 2578 571 2626 όνον
580 2582 661 2626 τοῦτον
678 2576 814 2631 καθίσαντες
825 2577 941 2633 διίπαιίαν
959 2578 1076 2639 λέγοντις·
1090 2596 1103 2619 ιι
1118 2578 1212 2639 εὕρηκεν
1224 2579 1266 2634 τήν
1278 2578 1396 2641 δαμαλίδα
1409 2579 1516 2638 ἀπαλήν,
1528 2579 1568 2626 καὶ
1583 2580 1616 2634 ώς
1627 2577 1654 2627 τδ
1663 2578 1742 2626 καινόν
1755 2577 1883 2641 ἀλεκτόριν

284 2648 358 2710 ταύτῃ
371 2648 544 2705 πεπίδηκινκοιί
557 2646 665 2704 ἐποίησεν
673 2646 755 2695 παιδία
764 2648 795 2700 ὡς
804 2645 1019 2701 τάξυλαιιούκουδα.
1031 2665 1044 2689 υ
1056 2645 1139 2695 Verbo
1148 2645 1286 2696 hostnrms
1297 2647 1447 2711 signifimsse
1458 2647 1518 2697 sotis
1530 2646 1607 2697 hahet
1614 2646 1816 2711 Theophylnctus
1824 2653 1850 2706 6,
1860 2653 1876 2697 4

314 2719 355 2768 Fi.
367 2721 412 2767 218
426 2717 451 2765 (1.
466 2717 481 2780 §
496 2721 516 2766 1.
530 2714 686 2779 ἀποκάλυψιν]
697 2714 833 2776 ἀπόκαμψιν
849 2714 935 2764 codex.
948 2715 1001 2778 ΙΙ-
1013 2718 1053 2765 καί
1064 2716 1150 2780 έλεγεν]
1160 2729 1195 2766 sc.
1206 2716 1382 2781 ήάπυειάλυβις,
1395 2717 1443 2767 nisi
1452 2718 1586 2782 ίοῐίεφωνή
1595 2718 1635 2768 vei
1644 2718 1694 2767 ίαίο
1704 2716 1765 2780 qnid
1778 2719 1886 2768 excidit

284 2786 445 2850 Theophanes
466 2799 491 2850 p.
510 2789 570 2844 4³9,
589 2791 617 2836 16
638 2804 644 2834 ι
659 2789 708 2835 Τοῦ
720 2786 745 2834 δέ
767 2785 898 2848 Μαυρικίου
919 2786 960 2835 τόν
978 2787 1028 2835 θεόν
1040 2788 1180 2843 ἱκετεύοντος
1193 2791 1234 2834 τοῦ
1245 2787 1363 2846 ἐλεηθῆναι
1375 2791 1417 2846 τήν
1429 2790 1507 2852 ψυχήν
1518 2789 1605 2848 αὐτοῦ,
1627 2789 1652 2837 έν
1669 2793 1711 2851 μιᾷ
1729 2790 1886 2851 κοιμωμένου

285 2860 358 2908 αὐτοῦ
368 2858 426 2907 εἶδεν
437 2858 561 2917 όπτασίαν,
572 2857 604 2913 είς
617 2857 660 2915 τήν
673 2858 767 2915 Χαλκήν
781 2856 855 2913 πύλην
869 2860 911 2905 τοῖν
924 2856 1038 2906 παλατίου
1054 2861 1083 2918 τῇ
1096 2856 1167 2905 εἰκόνι
1180 2859 1223 2905 τοῦ
1237 2863 1341 2921 σωτῆρος
1354 2859 1437 2908 ίαυτδν
1450 2859 1654 2922 παρεστῶτα,’καὶ
1668 2858 1724 2907 λαόν
1737 2864 1887 2920 παρεστῶτα

284 2930 358 2991 αὐτῷ.
378 2929 423 2976 Καὶ
438 2929 503 2991 φωνή
516 2928 596 2988 γέγονε
609 2926 636 2975 n
651 2930 693 2976 τοῦ
706 2926 850 2990 χαράκτηρος
867 2930 914 2974 τοῦ·
924 2926 1026 2988 μεγόλου
1039 2927 1092 2975 θιοῠ
1106 2928 1146 2975 καὶ
1161 2930 1265 2987 σωτῆρος
1277 2928 1344 2990 ήμῶν
1358 2926 1437 2986 Ἰησοῦ
1454 2928 1555 2990 Χριστοῦ
1574 2927 1689 2986 λέγουσα·
1708 2944 1721 2970 ε
1735 2925 1790 2975 δότε
1812 2929 1885 2979 Mao-

283 2999 355 3064 ρίκιαν
367 3016 390 3046 ν.
405 2999 451 3046 Καὶ
468 2997 624 3060 κρατήσαντες
635 2997 706 3045 αὐτόν
719 2997 741 3043 oi
753 2995 818 3051 δίκης
827 2997 939 3058 ὐπηρίται
952 2996 1102 3057 παρέστησαν
1113 3001 1148 3059 τῷ
1158 3000 1268 3059 πορφυρῷ
1279 2996 1387 3060 όμραλίιρ
1399 3000 1434 3059 τῷ
1447 2998 1535 3046 ἐκεῖσε·
1546 2997 1586 3045 καί
1596 2996 1639 3057 ίρη
1652 2996 1708 3059 πρός
1720 2996 1790 3046 αὐτόν
1802 2999 1821 3056 ἡ
1834 2999 1887 3050 θεία

284 3070 364 3129 φωνή·
379 3086 391 3109 ι
408 3070 460 3117 Ποῦ
473 3069 557 3127 θελεις,
567 3067 686 3116 ἀποδώσω
701 3083 756 3125 σοι,
768 3066 813 3114 ὧδε
827 3067 842 3124 ή
857 3066 881 3114 δν
895 3070 934 3128 τῷ,
944 3068 1047 3129 μέλλοντι
1068 3068 1134 3116 αἰῶνι
1141 3086 1148 3126 ;
1164 3086 1177 3110 ν
1196 3068 1225 3118 ‘0
1239 3071 1265 3120 δδ
1277 3067 1381 3121 ἀκούσαι
1397 3066 1453 3128 ἐφη·
1467 3083 1481 3110 «
1496 3065 1641 3128 ριλάνθρωπε
1656 3066 1773 3123 δέσποτα,
1787 3065 1887 3115 δικαιο-

283 3139 365 3202 κρίτα,
375 3138 420 3186 ὧδε
435 3141 521 3199 μᾶλλον
534 3140 549 3195 h
564 3138 587 3186 έν
601 3143 636 3201 τῷ
647 3139 751 3199 μελλοντι
764 3140 841 3186 αἰῶνι.
858 3155 870 3179 ν
885 3138 932 3185 Καὶ
946 3136 1065 3187 ἐκέλευσεν
1077 3139 1092 3193 ή
1104 3137 1156 3185 θεία
1178 3142 1243 3201 φωνή
1262 3138 1383 3194 ίκδοθήναι
1398 3136 1527 3200 Μαυρίκιον
1540 3137 1580 3186 καί
1595 3137 1636 3193 τήν
1645 3142 1742 3196 γυναῖκα
1754 3135 1886 3185 αὐτοῦκαὶ

284 3210 314 3258 τὰ
332 3210 404 3257 τέκνα
422 3210 462 3255 καὶ
477 3213 557 3256 πᾶσαν
572 3209 614 3263 τήν
631 3209 765 3267 συγγένειαν
778 3208 850 3256 αὐτοῦ
862 3209 939 3267 Φωκᾷ
951 3211 986 3268 τῷ
999 3207 1139 3269 στρατιώτῃ.
1158 3210 1304 3263 Διυπνισθείς
1320 3206 1361 3256 οὐν
1375 3206 1503 3268 Μαυρίκισς
1523 3207 1563 3254 καὶ
1584 3207 1683 3261 καλέσας
1699 3206 1738 3254 τόν
1758 3219 1885 3264 παρακοι-

285 3278 394 3340 μώμενον
409 3277 475 3339 αὐτῷ
493 3276 615 3324 ἀπέστειλε
627 3276 684 3337 πρός
694 3277 836 3324 Φιλιππικὸν
849 3277 889 3325 τόν
902 3277 1006 3339 γαμόρδν
1018 3277 1091 3327 αὐτοῦ
1099 3277 1123 3326 ἀν
1140 3281 1231 3343 σπουδῇ
1245 3280 1340 3340 ἀγαγεῖν
1350 3277 1419 3325 αὐτόν
1432 3276 1488 3338 πρός
1499 3277 1538 3325 τόν
1555 3276 1680 3339 βασιλέα..
1689 3273 1807 3322 Εἰσελθὼν
1823 3276 1853 3324 δὲ
1872 3279 1890 3326 ἀ

283 3347 425 3401 Φιλιππικὸς
439 3346 463 3393 iv
477 3350 512 3408 τῷ
527 3346 642 3407 βασιλικῷ
652 3350 762 3404 κοιτῶνι,
776 3346 865 3410 ίρριψιν
876 3347 959 3395 ίαυεδν
970 3348 1001 3401 είς
1013 3346 1066 3402 τοὺς
1080 3347 1152 3403 πόδας
1164 3354 1206 3399 τοῦ
1222 3350 1344 3412 βασιλέως.
1354 3348 1383 3395 ‘0
1395 3346 1421 3395 n
1433 3346 1540 3408 βασιλεὺς
1552 3348 1612 3405 λέγει
1626 3345 1701 3407 αὐτῷ·
1718 3343 1887 3407 συγχώρησόν

284 3433 324 3478 μοι
340 3416 380 3464 διὰ
396 3417 436 3463 τόν
449 3415 516 3473 θεόν,
529 3415 566 3462 ότι
581 3413 683 3475 ήμαρτόν
695 3426 748 3462 σοι·
760 3415 803 3469 ίως
815 3414 860 3476 γὰρ
873 3418 913 3462 νῦν
923 3413 1121 3477 ίσιιανδαλιζόμην
1133 3417 1165 3471 είς
1177 3419 1213 3466 σί.

313 3483 458 3549 ήκλίλλιν]
468 3482 579 3533 Meminit
589 3483 643 3547 ejus
654 3483 852 3547 Theophylootus
861 3488 884 3546 3,
900 3490 937 3544 12,
952 3498 976 3546 ρ.
987 3488 1075 3545 nani,
1088 3485 1133 3535 ubi
1145 3486 1217 3537 Lillin
1227 3488 1317 3536 Phocoe
1328 3485 1400 3547 iussn
1411 3483 1505 3534 endem
1514 3483 1620 3534 neurim
1634 3482 1734 3545 ejusque
1744 3480 1888 3535 liberorum

282 3556 404 3621 peregisse
415 3553 482 3604 dicit.
493 3553 505 3617 ΙΙ
515 3581 546 3590 -
558 3559 599 3602 τοῦ
610 3553 706 3617 κόμπου
715 3553 842 3616 Ἓιόδόμσυ]
851 3553 869 3602 ί.
883 3566 917 3615 ε,
936 3555 965 3601 nt
984 3553 1159 3617 Theophyiocti
1171 3555 1254 3606 verbis
1268 3557 1332 3617 nior,
1347 3556 1392 3611 ἔοις
1407 3558 1449 3603 τοῦ
1466 3553 1547 3602 πεδίου
1566 3557 1608 3602 τοῦ
1625 3552 1779 3612 ἀνακειμένου
1794 3553 1822 3601 ἐν
1847 3561 1885 3617 τῷ

282 3628 399 3689 λεγομένῳ
407 3624 530 3688 Ἓόδόμιρ,
540 3623 566 3672 δν
577 3622 671 3686 κάμνων
680 3625 795 3683 Ῥωμαῖοι
809 3622 1003 3684 κατονομόζουσι.
1017 3623 1132 3673 Ceterum
1143 3623 1175 3674 de
1188 3639 1215 3676 re
1226 3626 1262 3677 ita
1275 3623 1445 3687 Theophanes,
1456 3637 1480 3686 p.
1491 3625 1571 3684 443,3
1585 3643 1593 3672 ε
1605 3622 1786 3681 Μαυριείουτοῖε
1803 3624 1882 3684 βασι·

282 3698 340 3754 iro<
354 3701 388 3758 τῷ
403 3697 486 3757 Πέτρῳ
509 3693 534 3742 ἐν
549 3698 578 3757 τῇ
595 3698 642 3742 τῶν
658 3692 791 3742 Σκλαόινῶν
808 3693 876 3756 χώρᾳ
894 3692 1062 3756 προστάξαντος
1074 3694 1114 3745 ιδν
1130 3696 1186 3745 λαδν
1205 3696 1381 3761 παραχειμάσαι
1396 3695 1539 3753 ἀντέστησαν
1559 3696 1582 3742 σί
1597 3695 1711 3755 Ῥωμαῖοι
1726 3695 1758 3755 μὴ
1778 3696 1886 3745 καταδε·

283 3767 378 3832 χόρενοι
400 3769 468 3816 τοῦτο
491 3768 603 3814 ποιεῖν
619 3763 746 3827 Μαυρίκιος
769 3764 793 3812 n
817 3769 851 3827 τῷ
869 3763 952 3828 Πέτρῳ
967 3764 1064 3826 ίνώχλει
1080 3765 1119 3814 διά
1135 3768 1281 3830 γραμμάτων
1301 3769 1441 3829 διαπερᾶσαι
1454 3765 1494 3814 τόν
1516 3765 1616 3826 Ἰστρδν,
1635 3764 1674 3812 καί
1692 3765 1734 3820 τὰς
1747 3767 1887 3824 χειμιοινὰς

282 3838 415 3901 διποτρορδις
434 3842 476 3886 τοῖν
486 3837 544 3884 λαοῦ
562 3835 590 3884 in
607 3840 647 3893 τῆς
658 3840 705 3883 τῶν
717 3835 850 3884 Σκλαόινῶν
868 3835 946 3897 χώρας
965 3834 1112 3899 ἀρύσασθαι,
1128 3838 1192 3892 ὅπως
1212 3838 1244 3899 μή
1264 3836 1378 3900 δημοσίας
1398 3836 1501 3893 σιτήσεις
1523 3834 1658 3896 ἀναγκασθῇ
1678 3837 1730 3888 τοῖς
1747 3834 1887 3895 Ῥωμαίοις

281 3909 463 3972 παρασχέσθαι.
477 3943 483 3955 .
496 3905 526 3953 ‘0
538 3906 564 3955 δὲ
577 3905 632 3961 λαδς
643 3909 712 3954 τοῦτο
727 3902 829 3961 ἀκούσας
839 3905 989 3955 ἐστασίασεν·
1005 3904 1045 3955 καί
1065 3909 1087 3955 oi
1108 3907 1220 3971 ίπίσημσι
1233 3908 1342 3970 ἀρχοντις
1367 3906 1475 3969 φυγόντες
1489 3904 1513 3959 δί
1531 3904 1610 3952 αὐτῶν
1623 3903 1680 3963 πρός
1692 3902 1733 3951 τόν
1747 3907 1886 3965 στρατηγόν

284 3976 493 4040 παρεγένοντο·τά
506 3976 531 4024 δὲ
549 3976 625 4033 πλήθη
637 3974 830 4038 συναθροισθέντα
841 3974 1009 4038 προδάλλονται
1021 3975 1116 4042 ίίαρχον
1126 3982 1217 4029 Φωκᾶν
1226 3979 1266 4027 τὸν
1277 3978 1418 4040 κίνταρχαν,
1428 3975 1469 4024 καί
1479 3974 1517 4023 ini
1530 3973 1626 4029 ἀσπίδος
1640 3977 1722 4023 τοῦτον
1736 3975 1886 4036 όήώσαντες

282 4047 416 4107 εὐφήμησαν
430 4047 533 4109 ἔξαρχον.
553 4045 590 4096 ci.
607 4044 742 4108 Theophyl.
753 4048 778 4104 8,
790 4050 813 4101 6,
826 4047 850 4093 7.

312 4115 327 4178 §
345 4121 398 4165 ³·5.
415 4115 452 4165 ci,
471 4114 623 4178 Theophra„
646 4128 670 4177 p.
690 4118 745 4175 446,
763 4120 786 4173 3,
799 4113 974 4178 Thoophyhct.
994 4116 1010 4165 1.
1031 4115 1059 4176 1.,
1073 4120 1214 4181 Ααοαγιηυε
1227 4120 1251 4168 in
1273 4121 1381 4169 cromer.
1394 4115 1485 4168 Ααοοδ.
1502 4114 1579 4165 Paris.
1592 4117 1651 4164 tom.
1666 4119 1726 4177 ηρ.
1741 4119 1796 4167 331.
1819 4116 1833 4179 ss
1850 4144 1884 4154 -

283 4188 339 4249 πρὸς
400 4183 542 4248 Αὐτόνομον]
558 4183 700 4246 Theophnn.
723 4198 748 4248 p.
767 4187 813 4234 445
831 4185 972 4242 ιΑαίλαπος
987 4187 1063 4236 τοίνυν
1076 4191 1199 4250 γενομένω
1215 4189 1316 4251 μεγάλου
1339 4190 1398 4250 μετὰ
1413 4188 1524 4238 κινδύνων
1541 4186 1658 4247 μεγίστων
1679 4186 1823 4243 διασώζεται
1836 4188 1886 4238 An

282 4254 378 4315 τόνομος
391 4254 450 4317 (lege
459 4255 515 4317 πρὸς
529 4252 615 4302 velini
627 4254 667 4302 τόν
683 4253 812 4314 Αὐτόνομον
824 4253 863 4304 vel
873 4256 912 4304 τὸν
925 4257 984 4305 νεών
998 4256 1152 4321 Αὐτονόμου).
1169 4257 1355 4322 (11.Τίιοορίιχ1.
1370 4270 1394 4321 p.
1412 4261 1454 4306 331
1470 4276 1476 4306 :
1492 4255 1611 4310 Λαίλαπος
1623 4260 1745 4317 τοιγαροῦν
1759 4258 1889 4317 γεγονυίας

285 4324 409 4387 μεγίστης,
430 4322 533 4378 ἐξαισίου
553 4322 621 4373 νότου
638 4323 856 4386 προσπνεύσαντος,
876 4324 942 4388 μόλις
961 4318 1118 4390 όΜαυρίκιός
1127 4329 1263 4386 διασώζεται
1275 4329 1313 4377 ἐπὶ
1322 4328 1362 4376 τόν
1378 4327 1436 4375 νεὼν
1446 4326 1580 4387 Αὐτονόμου
1588 4330 1631 4374 τοῦ
1643 4325 1766 4387 μα’ρτυρος,
1781 4329 1814 4380 ὡς
1834 4328 1886 4378 ἀπὸ

282 4393 385 4444 σταδίων
401 4392 433 4458 ρν’
442 4399 483 4451 τής
494 4392 583 4449 πόλεως
592 4395 778 4443 Κωνσταντίνου.
789 4394 828 4443 Ἐν
844 4395 903 4458 αὐτῇ
916 4397 942 4444 δὲ
950 4401 980 4457 τῇ
989 4398 1055 4445 νυκτὶ
1068 4398 1206 4448 έπιτίθινται
1218 4399 1282 4460 αὐτῷ
1291 4399 1331 4446 καὶ
1341 4396 1406 4446 νόσοι
1418 4396 1540 4460 ἀρθρίτιδες
1545 4431 1553 4456 ,
1563 4394 1724 4455 δςποδαλγίας
1733 4397 1775 4444 καί
1787 4400 1888 4461 χεεραλ·

282 4468 335 4528 γίας
343 4467 465 4516 καλοῦσιν.
482 4464 598 4515 Ἐντεῦθεν
607 4465 744 4515 ἀποστελλει
760 4465 885 4515 θεοδόσιον
895 4467 935 4515 τόν
947 4465 1032 4513 έαυτοῖι
1043 4468 1093 4515 υίόν
1104 4469 1161 4530 πρδς
1176 4468 1284 4531 Χοσρόην
1295 4469 1334 4516 τόν
1347 4467 1445 4529 βασιλέα
1461 4469 1560 4530 Πιρσόιν
1578 4467 1637 4527 μετὰ
1648 4465 1833 4515 Ιίωνσταντίνου
1847 4467 1886 4532 [δν

282 4538 313 4587 τὰ
326 4538 402 4595 πλήθη
410 4537 503 4599 Δαρδύν
516 4532 898 4598 κατωνόμαζονιιάόίίΤίιεορίιγί.
912 4550 934 4599 p.
946 4535 1012 4599 3³²]-
1025 4535 1036 4599 ΙΙ
1044 4538 1113 4586 -τὰ
1122 4537 1296 4602 ἉρματίουΙἺ.
1306 4539 1346 4587 Dn
1356 4537 1437 4601 Gange
1445 4538 1531 4587 Consi.
1546 4541 1569 4597 2,
1581 4549 1607 4599 p.
1620 4539 1672 4586 1611.
1684 4534 1694 4590 ΙΙ
1707 4537 1778 4584 -τὸ
1789 4537 1894 4602 tim]

282 4605 335 4656 iioo
345 4604 407 4669 quid
415 4605 448 4655 ι11
456 4604 551 4654 neseio.
564 4609 601 4654 An
611 4605 638 4654 τὸ
646 4604 880 4667 Σίγμαῖύοειιρίυιν
889 4610 959 4656 erant
976 4605 1046 4656 urbis
1063 4606 1228 4659 lomaiormo
1239 4607 1316 4670 Σῖγμα
1327 4607 1402 4656 nicta.
1417 4608 1448 4655 V.
1468 4608 1505 4655 Du
1522 4605 1636 4668 Gangen,
1649 4618 1672 4668 γι.
1695 4609 1747 4654 114.
1762 4608 1788 4665 3,
1803 4619 1832 4669 p.
1847 4611 1886 4658 13.

285 4676 296 4739 ΙΙ
313 4705 344 4718 -
360 4674 512 4739 Διαδρόμους]
530 4675 588 4738 Ejus
607 4675 655 4725 loni
673 4672 785 4723 meminit
798 4674 935 4724 chronicon
947 4674 1035 4725 Paron.
1050 4690 1076 4740 p.
1090 4680 1145 4738 694,
1162 4678 1342 4741 7ιὶσφάγησαν
1360 4678 1386 4725 δὲ
1406 4676 1438 4732 είς
1458 4675 1601 4739 Διαδρόμσυς
1613 4676 1712 4734 πλησίον
1729 4681 1773 4725 τοῦ
1786 4678 1886 4743 Ἀκρίτα

282 4750 457 4801 Κωνστανεῑνος
472 4746 486 4794 ό
501 4745 603 4808 Λαρδύς,
616 4746 664 4795 ἀπὸ
675 4744 784 4807 ίπάρχων
795 4744 916 4807 γενόμενος
925 4746 1072 4809 πραιτωρίων
1083 4747 1123 4794 καί
1134 4747 1256 4807 λογοθέτης
1267 4748 1307 4795 καί
1319 4751 1440 4810 κουράτωρ
1453 4751 1500 4795 τών
1509 4746 1652 4809 Ὀρμίσθου,
1669 4748 1709 4796 καί
1724 4747 1857 4804 θεοδόσιος
1873 4751 1889 4799 ό

283 4817 333 4934 γιὸς
351 4814 492 4878 Μαυρικίου.
516 4816 553 4865 ci.
570 4814 715 4879 Theophon.
731 4828 756 4877 ρ.
776 4818 831 4876 346,
850 4817 892 4864 33.
913 4813 1008 4864 Acritan
1026 4817 1066 4864 esi
1083 4816 1275 4878 promontorium
1290 4829 1305 4866 a
1319 4814 1473 4867 chalcedone
1490 4820 1522 4867 σο
1538 4815 1618 4865 stadii
1641 4816 1770 4867 meridiem
1791 4830 1891 4869 νεεευε

313 4955 364 5019 §o
376 4955 560 5006 De'l'heodonio
573 4959 714 5020 Anonymus
723 4970 762 5021 op.
771 4957 881 5006 Cramer.
896 4954 921 5005 in
936 4956 1027 5007 Aneorl.
1038 4961 1062 5017 3,
1073 4970 1097 5020 p.
1114 4960 1156 5007 331
1172 4978 1178 5006 :
1192 4956 1318 5008 θεοδόσιον
1332 4957 1455 5007 ἀπέστιιλε
1469 4956 1595 5021 Μανρίιιιυς
1606 4957 1663 5019 πρὸς
1685 4956 1827 5020 Χοσρόην...
1841 4960 1891 5009 ‘nx

283 5027 350 5075 τοῦδε
363 5027 437 5084 οὐδεὶς
451 5028 511 5082 ίγνω
526 5027 549 5076 τί
560 5028 653 5090 γέγονεν
671 5028 685 5076 ό
702 5028 771 5083 αὐτὸς
782 5027 917 5084 θεοδόσιος.
932 5025 1093 5090 Theophanes
1116 5040 1141 5090 p.
1156 5029 1211 5088 447,
1236 5029 1262 5075 17
1280 5046 1286 5075 ι
1302 5026 1426 5077 θεοδόσιον
1435 5028 1470 5076 ’δλ
1489 5028 1530 5077 τδν
1549 5027 1600 5076 υίδν
1615 5028 1694 5077 αὐτοῦ
1712 5029 1782 5090 λόγος
1796 5037 1886 5093 κρατεῖ

284 5097 421 5156 πεφευγέναι
439 5099 480 5146 καὶ
501 5100 629 5147 σισῶσθιι.
644 5098 737 5155 Ταύτην
756 5098 781 5146 δὲ
804 5098 845 5156 τήν
863 5098 941 5161 φήμην
954 5095 1060 5159 Χοσρόης
1083 5099 1096 5145 ό
1113 5101 1161 5145 τῶν
1180 5098 1278 5159 Περσῶν
1302 5098 1409 5158 βασιλεὺς
1426 5098 1524 5155 ηὔξησεν
1542 5096 1623 5145 ἄλλοτε
1637 5097 1712 5154 ἀλλως
1723 5099 1889 5162 ψευσάμενος,

284 5165 325 5212 καί
339 5164 393 5227 παρ’
415 5167 500 5215 ἐαυτοῦ
524 5172 606 5216 τοῦτον
618 5168 679 5230 ἐχειν
696 5168 786 5229 λόγων,
812 5168 852 5216 καί
869 5172 974 5231 προνοεῖν
996 5167 1078 5225 δῆθεν,
1091 5167 1132 5217 ίνα
1150 5168 1192 5225 τήν
1205 5166 1330 5229 Ῥωμαίων
1346 5168 1466 5230 βασιλείαν
1484 5167 1616 5230 παραλυθῇ.
1635 5166 1776 5217 Secundum
1799 5170 1888 5220 Theo-

284 5231 426 5297 piryiactnm
445 5248 469 5297 ρ.
487 5240 533 5286 333
554 5249 608 5299 sqq.
626 5235 780 5286 Theodosios
801 5237 906 5286 hicnon
922 5238 1047 5296 ενεεοεείς
1064 5235 1120 5286 irino
1138 5250 1198 5288 rero
1219 5250 1233 5285 o
1253 5239 1322 5300 petre
1345 5239 1490 5296 revocatus,
1511 5238 1806 5300 σιλυπόστοργοςγιγονὼς
1819 5242 1884 5303 πρὸς

284 5303 424 5366 ἀποσφαγήν
439 5305 604 5369 παραγίνιταις
622 5304 712 5356 deinde
723 5305 749 5355 in
772 5304 892 5370 tempium
914 5306 1044 5356 Antonomi
1060 5307 1177 5370 martyris
1191 5305 1312 5371 coniugii3
1329 5320 1378 5370 ηυο
1391 5307 1531 5372 oomperto,
1545 5304 1683 5356 Alexander
1697 5307 1789 5357 Phoco
1805 5309 1887 5373 γἰιεειι
