3842 6036
234 459 272 520 92
662 456 861 519 umbonum
882 457 1144 522 HISTORlARUM
1164 461 1235 524 LlB.
1260 462 1284 538 1,
1307 464 1410 524 51-57.

236 588 358 669 χόμενοε,
370 589 433 649 όταν
448 589 494 665 ἐμὲ
505 587 578 661 ἴδητε
591 588 778 667 ἀγωνιζόμενον
790 587 835 647 καλ
848 588 1008 667 πειρώμενον

235 677 378 736 άπιόαίνειν
392 675 461 736 κατά
479 676 513 735 τθι
531 675 733 757 παρερρηγμένα
754 682 800 735 τῶ
815 675 929 756 τείχους,
945 682 1009 757 βια-

235 765 341 842 ζόμενόν
359 789 388 824 τε
403 763 462 832 τοὺς
476 764 594 833 ’ίταλοθς
611 764 657 823 κοιλ
671 766 725 832 τοῖς
743 768 801 843 μετ’
815 766 878 842 ἐμοῦ
894 765 1008 846 πάροδον

235 853 371 932 ἀνοίγοντα
387 857 412 921 ίς
432 854 481 925 τὴν
496 852 591 930 πόλιν,
604 858 729 932 πειρᾶσθε
748 851 838 934 τρόπῳ
852 855 931 912 παντί
945 856 1007 912 ἑκα·

233 948 343 1027 τέρωθεν
357 948 490 1029 ἀπείργειν
507 947 566 1016 τοθς
585 948 653 1007 κατὰ
673 948 814 1027 πρόσωπον
831 953 891 1024 ὑμῖν
906 952 1006 1009 ἀντιτε-

233 1037 389 1115 ταγμένους,
404 1036 613 1117 προσύάλλοντες
628 1037 756 1114 ἰσχυρῶς,
769 1039 804 1104 ῶς
815 1034 846 1094 ἂν
857 1035 894 1114 μὴ
907 1036 1007 1115 σχολὴν

236 1126 340 1204 άγοντες
354 1128 398 1206 ἀφ’
415 1129 505 1201 ὑμῶν,
523 1116 600 1196 ἧττον
619 1123 786 1204 προσέχωσιν
806 1125 934 1199 ἡμῖνκαὶ
955 1150 1006 1201 μη-

232 1214 316 1290 δαμοῦ
331 1213 516 1294 προσόοηθῶσι
529 1213 583 1278 τοῖς
596 1214 638 1292 ύρ’
647 1216 722 1288 ἡμῶν
738 1215 909 1292 βιαζομένοις.
951 1213 1007 1273 Καὶ

231 1302 262 1360 τό
282 1302 336 1362 ἀπὸ
356 1304 429 1362 τοῦδε
454 1305 505 1361 τῶν
528 1304 625 1361 λοιπῶν
645 1301 733 1380 ἔμοιγε
755 1303 860 1361 πάντων
886 1303 1005 1377 μελήσει.

231 1388 304 1448 Ἀλλ’
319 1388 397 1449 άπιτε
418 1388 482 1468 πρός
499 1386 546 1456 τάς
567 1386 665 1461 σκηνάς
689 1391 735 1448 καὶ
755 1388 801 1457 τάς
825 1390 910 1458 τάξεις
933 1395 1006 1467 ὑμῶν

231 1479 318 1558 ἀγαθῇ
331 1477 417 1559 τύχη,
432 1477 478 1537 καί
492 1479 756 1557 δειπνοποιησάμενοι
774 1478 947 1540 ἀναπαύεσθε.
964 1508 976 1532 ι

270 1566 336 1627 Lll.
357 1571 483 1629 Τοσαῦτα
511 1565 591 1625 εἰπὼν
617 1567 720 1627 διέλυσε
743 1568 787 1626 τόν
808 1567 945 1647 ξύλλογον,
961 1570 1006 1628 καί

230 1655 346 1726 ἀπῆλθον
364 1654 472 1722 έκαοτος
486 1657 512 1721 ἐς
527 1656 574 1722 τάς
587 1659 687 1715 ἑαυτῶν
699 1655 782 1725 τάξεις
793 1679 822 1715 τε
833 1657 881 1715 καί
895 1658 1004 1730 σκηνάς,

229 1741 275 1800 καί
291 1742 367 1809 αθτδς
384 1742 412 1801 ii
431 1742 695 1819 δειπνοποιησάμενος
708 1743 863 1803 ἀνεπαύετο.
904 1742 1006 1803 Ἕωθεν

230 1829 256 1888 δὲ
281 1829 396 1896 ἀναστάς
425 1831 504 1889 καλεῖ
526 1833 629 1909 πρῶτον
660 1828 719 1898 τοὺς
743 1829 936 1910 μηχανοποιούς
960 1831 1004 1887 καί

229 1918 329 1976 κελεύει
350 1919 397 1983 τάς
417 1915 540 1995 μηχανάς
559 1917 748 1994 έτοιμάάαντας
767 1918 863 1999 τρέψαι
884 1918 954 1977 κατθι
972 1917 1005 1977 τδι

228 2004 437 2084 παρερρηγμίνα
451 2009 497 2065 τοῦ
509 2005 626 2085 τείχους,
640 2004 699 2083 ἵνα,
713 2004 774 2064 όταν
789 1998 806 2079 ᾖ
821 2006 922 2085 καιρὸς,
935 2005 1003 2063 κατὰ

228 2095 281 2150 τῶν
293 2090 377 2171 ταύτῃ
391 2093 602 2172 προμαχομένων
617 2096 716 2173 άμῶσιν
731 2092 821 2161 αὐτάς.
845 2096 880 2171 (ν)
890 2092 1004 2153 Ἔπειτα

229 2178 389 2256 ξυγκαλέσας
402 2178 449 2246 τάς
466 2179 527 2260 περὶ
543 2181 620 2241 αὐτὸν
641 2181 699 2248 ίλας
713 2180 759 2240 κοιλ
780 2180 880 2255 τάξεις,
896 2181 1005 2249 ίπλίτας

227 2266 257 2326 τί
274 2290 342 2347 ρημι
360 2267 405 2327 καλ
420 2268 588 2337 ὑπασπιστάς
600 2269 645 2329 καί
659 2269 763 2338 τοξάιας
776 2269 821 2329 καί
834 2268 883 2340 τὴν
899 2272 1004 2349 βασιλι·

229 2355 278 2428 κὴν
298 2365 387 2417 πᾶσαν
411 2355 510 2434 αὐλὴν,
531 2357 649 2417 έκτάττει
667 2360 755 2424 καλῶς
771 2356 840 2417 κατά
862 2357 1004 2438 ξυμμορίας

228 2467 257 2502 τε
271 2444 315 2503 καί
335 2444 467 2514 ξυσσιτίας
481 2447 526 2505 καὶ
543 2444 702 2523 ξυνωμοσίας
715 2447 759 2505 κοιλ
773 2445 874 2519 τάξεις,
892 2445 941 2506 ἀνά
959 2470 1002 2526 χι·

1063 589 1144 658 άλλας
1156 591 1242 660 τάξεις
1256 591 1375 665 ἁπάσας,
1386 595 1545 652 ἀποσκοπῶν
1558 615 1587 652 τε
1599 592 1678 661 αύτάς
1691 594 1737 653 καί
1749 619 1837 674 παρα·

1063 679 1230 756 κελευόμενος
1247 680 1293 739 καί
1309 683 1383 758 κοινῇ
1397 689 1464 741 πᾶσι
1477 680 1523 740 καλ
1537 681 1590 764 λδίιγ
1608 680 1711 761 έκάστιμ
1725 683 1771 740 κοιλ
1785 707 1837 741 πα-

1063 767 1229 848 ραθαρρύνων
1253 768 1299 828 καλ
1326 771 1495 850 παροτρύνων
1516 768 1579 851 πρὸς
1602 768 1645 828 τόν
1671 772 1778 848 ἀγῶνα,
1791 771 1838 830 καί
1917 782 1918 791 ’

1063 855 1179 930 μάλιστα
1196 855 1229 928 δὴ
1244 855 1303 924 τούς
1319 857 1450 936 ἡγεμόνας
1466 861 1518 916 τῶν
1538 856 1650 931 τάξεων,
1665 855 1691 927 ἐξ
1709 858 1839 935 ὀνόματος
1917 874 1918 903 1

1061 943 1161 1011 πάντας
1174 946 1272 1003 καλῶν.
1294 947 1329 1025 (ε)
1338 944 1485 1024 Περιελθῶν
1499 936 1543 1005 ούν
1554 955 1643 1005 πᾶσαν
1651 944 1700 1019 τλν
1711 949 1837 1027 στρατιάν

1061 1030 1107 1090 καλ
1121 1030 1151 1090 τδ
1164 1033 1248 1112 τεῖχος
1263 1034 1317 1093 ἀπὸ
1334 1035 1467 1105 θαλάσσης
1480 1035 1506 1099 ές
1519 1032 1653 1093 θάλασσαν
1672 1035 1718 1093 καί
1732 1058 1839 1115 παραγ·
1917 1082 1918 1117 ,

1061 1120 1148 1198 γείλας
1164 1120 1181 1179 ἀ
1197 1122 1237 1179 δεῖ
1248 1122 1293 1181 καί
1304 1121 1491 1201 παρακαλέσας
1501 1123 1546 1182 καί
1556 1122 1702 1204 παροξύνας
1718 1123 1839 1193 ἅπαντας
1917 1124 1918 1171 ί

1061 1211 1086 1275 ές
1100 1207 1130 1266 τὸ
1143 1211 1268 1284 πολεμεῖν
1283 1209 1329 1269 καί
1342 1211 1604 1291 παρακελευσάμενος
1617 1212 1712 1291 ἀνδρας
1725 1211 1840 1286 ἀγαθούς
1917 1218 1918 1233 ’

1060 1297 1194 1371 γενέσθαι,
1217 1298 1317 1358 κελεύει
1339 1298 1503 1366 ἑστιαθέντες
1522 1297 1719 1379 ἀναπαύεσθαι,
1735 1300 1787 1369 ἕως
1806 1300 1839 1359 ἂν
1917 1370 1918 1391 γ

1061 1384 1114 1466 ᾄσῃ
1128 1385 1159 1445 τὸ
1173 1387 1316 1463 πολεμικόν
1330 1386 1376 1447 καλ
1390 1387 1420 1445 τδ
1434 1385 1550 1463 ξύνθημα
1561 1387 1647 1451 ίδωσι.
1690 1390 1841 1469 Δράσαςδὲ
1917 1398 1918 1467 l

1059 1476 1144 1533 ταῦτα
1158 1475 1324 1554 ἀνεχώρησεν
1342 1477 1367 1542 ἀς
1384 1474 1432 1547 nin
1449 1478 1543 1536 ίαυτοῦ
1557 1476 1674 1554 σκηνὴν,
1689 1477 1737 1536 καί
1751 1481 1842 1538 ἑστια-
1917 1472 1918 1539 J

1060 1561 1111 1629 θείς
1125 1563 1279 1623 ἀνεπαύετο.

1099 1650 1179 1712 Llii.
1194 1649 1324 1728 Ῥωμαῖοι
1337 1651 1364 1710 δθ
1378 1650 1479 1723 σιωπὴν
1493 1649 1624 1724 τοσαύτην
1636 1654 1662 1711 ἐν
1676 1655 1710 1731 τῇ
1725 1662 1841 1734 στρατιᾷ
1917 1672 1918 1675 ’

1060 1737 1105 1796 καλ
1118 1737 1232 1816 ἠρεμίαν
1244 1743 1353 1821 δρῶντες
1367 1739 1440 1821 παρὰ
1454 1740 1484 1800 τδ
1496 1739 1598 1812 ξύνηθες
1610 1739 1756 1816 ἐθαύμαζόν
1768 1765 1799 1800 τε
1809 1743 1841 1802 τδ
1917 1736 1918 1787 ί

1060 1834 1172 1904 πρᾶγμα
1185 1825 1230 1885 καλ
1244 1828 1270 1894 ἀς
1281 1827 1418 1907 διαφόρους
1431 1826 1570 1907 λογισμοὺς
1583 1827 1629 1886 καλ
1639 1827 1736 1896 ἐννοίας
1749 1829 1841 1889 ἐνίπι-
1917 1820 1918 1845 ³

1059 1938 1140 1987 πτον,
1154 1918 1177 1975 ci
1194 1915 1241 1991 μέν
1260 1915 1406 1992 νομίζοντες
1425 1917 1578 1992 ίτοιμασίαν
1598 1907 1664 1975 εἶναι
1683 1919 1709 1984 ἐς
1725 1918 1842 1997 άναχάι·

1059 2025 1153 2083 ρησιν,
1168 2005 1216 2063 ούκ
1229 2005 1310 2083 ὀρθῶς
1324 2006 1472 2082 δοκοῦντες,
1483 2008 1507 2065 oi
1524 2006 1567 2078 δὲ,
1581 2003 1644 2086 άπερ
1660 2004 1707 2063 καλ
1720 1996 1770 2080 ἦν,
1787 2031 1842 2067 πα-
1917 2048 1918 2057 ι

1059 2091 1188 2169 ρασκεολν
1202 2093 1228 2158 ἐς
1245 2091 1289 2151 τόν
1303 2092 1479 2168 πόλεμονκαὶ
1496 2092 1667 2169 έτοιμοισίαν,
1683 2090 1712 2150 θν
1730 2092 1796 2152 ὅσον
1810 2099 1840 2154 οὗ
1917 2088 1918 2159 ί

1058 2179 1239 2257 προσεδόκων,
1258 2178 1305 2238 καί
1317 2179 1521 2240 διεύοῶντοκαλ
1537 2179 1610 2238 αύτολ
1623 2178 1687 2259 πρὸς
1705 2179 1842 2253 ἀλλήλους
1917 2198 1918 2207 ’

1059 2271 1163 2348 ἡσυχῇ,
1177 2267 1223 2326 καί
1236 2267 1298 2347 πρὸς
1311 2266 1358 2335 τδς
1373 2271 1472 2327 ἑαυτῶν
1486 2266 1571 2336 τάξεις
1585 2266 1699 2347 έχόνρουν
1714 2264 1841 2342 ἕκαστος,
1917 2302 1918 2325 ι

1056 2354 1090 2412 τά
1105 2377 1133 2413 τε
1147 2356 1214 2416 άλλα
1229 2357 1466 2435 παρεσκευάζοντο.

1100 2443 1170 2503 liv.
1193 2443 1321 2511 Βασιλείας
1334 2445 1377 2519 δὲ,
1389 2444 1446 2504 ἐπεί
1463 2442 1519 2523 ῶρα
1536 2469 1564 2503 τε
1582 2436 1614 2516 ἦν
1633 2443 1684 2517 ἤδη
1696 2443 1841 2518 κλινούσης
1917 2444 1918 2507 ξ

227 2531 298 2601 λίους
311 2533 328 2603 ἢ
342 2533 387 2592 καί
400 2533 505 2602 πλείους
519 2534 563 2593 τόν
582 2535 710 2615 ἀριθμόν,
725 2533 771 2594 καλ
786 2532 886 2594 κελεύει
900 2533 1004 2602 τούτους
1057 2530 1174 2610 ἡμέρας,
1189 2534 1265 2609 ίγγύς
1288 2555 1339 2592 που
1358 2534 1418 2613 περὶ
1439 2533 1544 2607 δείλην,
1565 2532 1611 2592 καλ
1634 2535 1648 2591 δ
1670 2533 1744 2601 ἥλιος
1767 2533 1840 2593 κατά
1917 2554 1918 2577 l

227 2621 257 2678 ίκ
276 2622 400 2701 διαδοχῆς
419 2624 605 2699 ἀγωνίζεσθαι,
620 2621 682 2682 όταν
699 2625 723 2690 ἐς
744 2628 820 2681 τοῦτο
833 2626 1002 2702 καταστῶαι,
1056 2620 1137 2678 νῶτόν
1148 2642 1176 2677 τε
1187 2622 1271 2677 αὐτῶν
1284 2618 1387 2698 ἐγίνετο
1400 2620 1445 2680 καλ
1461 2629 1515 2687 τοῖς
1534 2622 1657 2687 ἐναντίοις
1670 2618 1739 2678 κατδι
1749 2623 1839 2700 πρόσ-
1917 2662 1918 2667 ,

227 2707 272 2769 καί
284 2709 342 2776 τοθς
357 2711 404 2787 μὲν
419 2714 542 2787 πολεμεῖν
556 2733 585 2768 τε
598 2709 643 2768 καλ
656 2709 802 2789 μάχεσθαι,
814 2708 872 2777 τοθς
883 2709 911 2768 δὲ
923 2708 1003 2770 ύπνον
1056 2730 1144 2779 ωπον,
1164 2706 1230 2788 ὅπερ
1252 2706 1390 2780 έύούλετο,
1418 2711 1528 2769 ἐνταῦθα
1551 2707 1583 2780 δὴ
1606 2708 1706 2767 κελεύει
1730 2713 1839 2789 πρῶτον
1917 2720 1918 2765 J

227 2800 356 2880 αἱρεῖσθαι
379 2799 425 2857 καλ
448 2798 519 2859 σιτία
540 2800 586 2857 καὶ
610 2799 752 2859 ἀναπαύειν
769 2799 880 2870 αὑτούς,
903 2795 936 2856 ἵν’
953 2788 1003 2857 ῶσι
1058 2786 1121 2874 ᾆσαι
1139 2794 1187 2862 τάς
1207 2817 1237 2852 τε
1265 2796 1412 2876 σάλπιγγας
1431 2796 1461 2854 τὸ
1481 2796 1624 2873 πολεμικόν
1645 2793 1690 2856 καί
1710 2795 1746 2854 τά
1769 2796 1839 2856 ἄλλοι
1917 2802 1918 2851 ξ

225 2885 313 2963 νεαρολ
326 2886 405 2945 πάλιν
420 2886 485 2969 πρδς
497 2887 541 2948 τόν
554 2890 658 2965 ἀγῶνα,
672 2886 718 2946 καί
731 2886 837 2954 τούτους
850 2887 930 2947 πάλιν
945 2888 1003 2945 ἑτέ·
1056 2882 1155 2961 όργανα
1169 2880 1228 2949 τούς
1241 2906 1270 2941 τε
1282 2882 1375 2951 αύλοθς
1390 2884 1435 2943 καί
1449 2884 1494 2951 τάς
1515 2885 1639 2964 σύριγγας
1657 2883 1702 2942 καὶ
1715 2883 1751 2941 τδι
1766 2886 1840 2962 κύμ-

227 2996 284 3053 ρους
295 2974 471 3054 διαδέχεσθαι,
483 2974 529 3034 καί
543 2974 611 3034 οθτω
621 2974 717 3044 τάξεως
731 2974 802 3045 τάξιν
818 2973 1004 3055 διοδεχομένης
1058 2970 1128 3029 icil&
1151 2968 1220 3029 milli
1243 2973 1357 3050 ἰσχυρῶς
1376 2975 1411 3039 ὣς
1424 2961 1477 3031 oliv
1497 2996 1537 3032 m.
1579 2971 1635 3032 Καὶ
1655 2971 1737 3039 Οὕτως
1759 2973 1794 3032 αἵ
1811 3000 1839 3034 τε
1917 2998 1918 3005 ’

226 3060 268 3120 ἀεὶ
284 3062 330 3121 καί
343 3063 541 3134 ἀναπαυούσης,
555 3062 699 3121 άδιοίκοπόν
713 3085 742 3122 τε
757 3062 802 3122 καί
824 3062 918 3141 ξυνεχῆ
931 3061 1003 3138 γίνε-
1057 3057 1200 3137 σάλπιγγες
1213 3067 1298 3117 πᾶσαι
1311 3061 1362 3118 τῶν
1378 3059 1463 3118 ἄλλων
1475 3059 1572 3129 τάξεων
1584 3059 1630 3118 καί
1643 3059 1676 3119 τά
1690 3059 1797 3141 ὄργανα
1809 3066 1839 3123 ἐκ
1917 3050 1918 3087 3

225 3154 286 3208 σθαι
305 3151 348 3209 τόν
372 3152 503 3228 πόλεμον,
517 3158 552 3217 nbc
575 3151 606 3208 ἂν
630 3150 748 3226 μηδεμία
773 3148 900 3229 ἀνακωχή
925 3173 965 3216 τις
985 3148 1003 3221 ἢ
1058 3147 1180 3224 διαδοχῆς
1196 3146 1301 3227 ἤχησαν
1316 3146 1385 3225 μέγα
1404 3147 1449 3205 καί
1465 3147 1574 3230 ροόερθν
1589 3152 1656 3226 όμοῶ
1674 3150 1779 3223 πάντα,
1792 3153 1838 3210 καί
1917 3156 1918 3195 ἓ

224 3237 355 3316 ἐκεχειρία
369 3229 387 3316 ᾖ
402 3242 440 3317 τῷ
458 3240 566 3317 πολέμῳ
579 3247 632 3304 τοῖς
648 3237 883 3316 ἀντιτεταγμένοις.
927 3236 1004 3295 Ἀπο·
1057 3233 1087 3292 τὸ
1102 3244 1155 3292 πᾶν
1170 3235 1273 3307 ίσείσθη
1286 3235 1332 3294 καὶ
1353 3235 1486 3308 διεδονήθη
1501 3241 1533 3316 τῇ
1548 3236 1705 3316 περιηχήσει
1718 3236 1836 3302 τούτων.
1917 3278 1918 3281 =

224 3325 313 3383 τάττει
329 3323 357 3381 δέ
375 3324 421 3382 καί
445 3325 525 3383 τόπον
540 3326 643 3405 ίκάστιρ
661 3326 708 3384 καλ
730 3323 820 3405 καιρόν
844 3323 891 3382 καί
915 3323 1001 3397 τάξιν,
1058 3323 1088 3402 (ν)
1102 3321 1218 3383 Ἔπειτα
1239 3324 1307 3403 ἤρθη
1324 3324 1358 3382 τό
1381 3326 1551 3401 unmetrical
1572 3328 1595 3385 ci
1617 3325 1718 3394 τοξόται
1730 3330 1839 3405 πρῶτοι

225 3411 271 3469 κοιλ
286 3411 464 3493 παραγγίλλει
478 3417 535 3478 πῶς
550 3414 589 3472 δεῖ
607 3413 653 3472 καλ
666 3420 718 3474 ποῦ
732 3412 777 3472 καί
796 3412 861 3471 πότε
878 3413 1002 3489 ἀγωνίζε·
1057 3410 1281 3493 καλσρενδονῆται
1293 3414 1372 3472 καλοί
1384 3414 1431 3481 τάς
1443 3414 1620 3493 μηχανάςκαλ
1632 3412 1837 3495 τοθςτούφακας

225 3505 286 3558 σθαι
306 3499 399 3560 καλόν.
453 3502 485 3577 ξι)
500 3499 616 3560 Ἔπειτα
637 3500 810 3581 παριππεύων
832 3500 934 3580 περιῄει
958 3500 1005 3567 τάς
1044 3500 1160 3582 ’ἔχοντες
1184 3500 1263 3579 (οὕτω
1283 3500 1335 3581 γάρ
1357 3504 1480 3562 ἐτέτακτο
1500 3505 1598 3581 αὐτοῖς)
1617 3502 1776 3563 κατίύαινον
1793 3507 1838 3564 ἀπὶ
1917 3562 1918 3567 ,

255 3722 307 3770 LlI.
323 3721 337 3785 §
353 3727 376 3771 2.
393 3725 473 3771 πᾶσαν
489 3723 547 3770 anic
560 3721 633 3779 αθλὴν
649 3719 718 3769 addit
736 3734 771 3771 m.
785 3727 808 3770 2.
832 3718 842 3782 ΙΙ
856 3746 884 3754 -
904 3718 1059 3782 ξυνωμοσίας]
1079 3721 1218 3781 συνομοτίας
1235 3720 1314 3771 codex
1335 3721 1360 3771 li.
1380 3721 1397 3771 l.
1418 3725 1444 3772 ct
1459 3735 1514 3786 cup,
1528 3727 1567 3783 cl,
1579 3727 1604 3773 l.
1627 3723 1638 3786 ΙΙ
1650 3752 1678 3760 -
1692 3725 1834 3776 ἀδιοίκοκον.

224 3792 320 3856 συνεχῆ]
342 3792 378 3842 εἰσ
396 3805 462 3841 man.
482 3798 510 3852 ²3
521 3792 684 3847 ἀδιακόπως...
695 3796 800 3854 συνεχῶς
813 3803 880 3840 man.
898 3794 919 3840 l⁴
937 3790 947 3852 ΙΙ
965 3816 992 3825 -
1009 3807 1043 3846 τις
1056 3794 1111 3854 posi
1124 3791 1238 3855 ἀνακωχή
1252 3791 1310 3841 add.
1322 3806 1390 3842 man.
1401 3801 1425 3843 2.
1438 3792 1448 3856 ΙΙ
1459 3819 1491 3830 -
1506 3793 1589 3857 καλόν]
1606 3796 1656 3844 Aut
1668 3795 1733 3845 bunc
1743 3808 1835 3849 vocem

224 3868 267 3912 nul
281 3876 367 3913 vocem
380 3865 415 3913 δεῖ
427 3863 515 3913 abesse
526 3862 611 3921 velim,
623 3862 669 3912 nini
682 3862 745 3912 ionic
753 3875 799 3925 pro
808 3863 880 3912 καλὸν
893 3859 1050 3910 scribendum
1060 3864 1146 3916 καλῶς.

256 3936 321 3984 llil.
339 3935 433 3993 Σιωπην
447 3932 575 3996 τοσαύτην]
590 3935 703 3996 ingentes
722 3932 842 3983 clamores
855 3935 880 3981 ct
896 3932 964 3995 ignes
985 3945 1029 3995 μοι
1041 3935 1124 3982 casim
1140 3933 1232 3997 ubique
1250 3934 1343 3985 incensi
1364 3934 1492 3999 oppidanis
1510 3935 1649 3986 indicarunt
1666 3936 1698 3986 ad
1716 3936 1837 3989 ullimum
1917 3954 1918 3957 ¹

224 4004 346 4053 assultum
358 4006 454 4053 iuncos
465 4003 559 4065 accingi
568 4040 575 4064 ,
584 4006 614 4052 nl
632 4004 735 4053 lmdunl
753 4002 887 4053 Pbmnlzcs
899 4015 924 4066 p.
938 4006 1056 4064 288-280,
1069 4005 1211 4054 buccardus
1222 4018 1248 4069 p.
1259 4010 1313 4068 328,
1329 4008 1411 4056 Ducns
1428 4009 1485 4056 281.
1497 4007 1534 4057 Cl.
1548 4007 1650 4057 Barbari
1670 4007 1789 4061 Dianium
1803 4010 1836 4059 ad

224 4075 283 4123 Maii
294 4073 348 4123 dies
358 4081 388 4124 28
402 4077 427 4123 el
441 4077 470 4123 27
483 4077 509 4124 εί
522 4078 562 4124 28.

254 4146 318 4194 inv.
336 4143 474 4193 Secundum
483 4146 579 4193 Ducam
590 4156 614 4208 p.
627 4149 682 4205 282,
695 4148 722 4193 15
736 4143 901 4194 Mechcmetcs
914 4144 999 4205 ἤρξατο
1014 4146 1091 4209 ἡμέρᾳ
1107 4151 1207 4210 κυριακῇ
1223 4146 1350 4196 συνάπτειν
1365 4146 1469 4210 πόλεμον
1485 4146 1623 4197 καθολιιιόν·
1633 4148 1674 4197 καὶ
1688 4149 1716 4208 δὴ
1732 4152 1836 4215 ἑσπέρας

223 4216 348 4277 γενομένης
359 4216 403 4263 οὐκ
413 4213 500 4263 ίδωκεν
509 4213 642 4264 ἀνάπαυσιν
652 4220 700 4271 τοῖς
710 4215 835 4277 Ῥωμαίοις
844 4221 874 4278 τῇ
881 4216 949 4264 νυκτὶ
962 4215 1051 4276 ἐκείνη·
1066 4215 1094 4275 ἦν
1104 4217 1148 4278 γὰρ
1158 4219 1173 4276 ἡ
1185 4218 1286 4280 κυριακλ
1297 4219 1375 4276 ἐκείνη
1384 4221 1433 4267 τῶν
1449 4217 1523 4277 άγίων
1532 4216 1641 4277 πάντων,
1651 4218 1717 4281 ἄγων
1729 4222 1742 4268 θ
1755 4224 1836 4280 Μάιος

223 4286 312 4348 ἡμέρας
328 4286 370 4341 ιζ’.
384 4282 420 4334 nb
433 4282 521 4333 eodem
536 4283 595 4333 Maii
613 4283 653 4333 die
673 4287 763 4334 Xllvll
776 4285 911 4334 Phranlzcs
924 4297 1023 4347 quoquc
1036 4284 1117 4335 ullimi
1130 4285 1270 4336 certaminis
1284 4286 1382 4336 initium
1396 4290 1538 4351 computat,
1550 4288 1572 4337 ni
1584 4287 1686 4351 quidem
1696 4300 1721 4351 p.
1734 4294 1795 4350 288,
1808 4297 1835 4342 ιο

223 4358 317 4406 'furcos
332 4352 468 4403 diciturne
487 4353 577 4417 politos
593 4366 649 4404 csse
663 4356 737 4418 ἡμέρᾳ
749 4357 822 4417 τρίτῃ.
835 4355 898 4416 Ὥρα
914 4353 943 4413 ἦν
959 4356 1045 4419 ἡμέρας
1062 4356 1084 4417 β’
1093 4357 1132 4404 καὶ
1142 4356 1249 4418 Ἧμισυ,
1266 4362 1309 4405 τοῦ
1326 4358 1391 4412 έτους
1402 4357 1490 4420 mici,
1503 4363 1532 4420 τῇ
1549 4357 1584 4406 κθ’
1594 4358 1664 4420 μηνὸς
1682 4360 1775 4410 Μαΐου.
1787 4363 1836 4413 Per

223 4430 305 4477 tolum
314 4423 381 4474 diem
390 4422 582 4475 bombardnrum
592 4423 714 4487 lapidibus
723 4438 807 4474 munos
817 4424 944 4488 impolitos
953 4438 1007 4475 csse
1016 4425 1091 4475 refert
1103 4425 1236 4476 Barbarus.
1243 4426 1386 4477 critobulus
1393 4427 1580 4491 oppugnationis
1589 4426 1635 4482 boc
1644 4426 1684 4477 dic
1693 4427 1771 4482 lcctae
1784 4446 1833 4482 non

223 4495 342 4547 meminit.
358 4496 479 4558 scqucnle
491 4493 545 4557 dic,
559 4507 608 4544 εεο.
624 4496 733 4555 Ducam,
749 4494 875 4545 remissius
889 4497 1024 4558 pugnatum
1036 4498 1075 4544 εεί
1090 4496 1255 4558 (bombardis,
1265 4498 1334 4561 pulc)
1347 4510 1427 4560 usquc
1439 4497 1470 4547 nd
1482 4497 1532 4547 diei
1545 4497 1633 4548 horam
1646 4510 1746 4549 nonam.
1764 4504 1833 4553 Μετὰ

222 4569 247 4616 δὲ
267 4567 309 4625 τὴν
328 4566 433 4626 άννάτην,
451 4564 543 4628 pendi,
562 4566 633 4614 διεῖλε
652 4567 693 4615 τὸν
706 4567 806 4629 στρατὸν
828 4567 875 4616 ἀπὸ
894 4570 937 4614 τοῦ
950 4564 1067 4615 παλαείου
1079 4568 1146 4629 μίχρι
1157 4573 1198 4623 τῆς
1212 4569 1367 4630 Χρυοῆς,κελ
1382 4569 1411 4617 τὰ
1423 4567 1568 4631 ὀγδοήκοντα
1576 4570 1648 4618 πλοῖα
1661 4567 1710 4619 ἀπὸ
1725 4577 1769 4630 τῆς
1783 4575 1834 4624 Eu·
1917 4560 1918 4599 3

222 4637 336 4698 λοπόρτης
355 4637 409 4701 οίχρι
424 4641 465 4694 τῆς
485 4636 600 4690 Πλατίας.
614 4637 651 4686 Τά
667 4637 694 4685 δὲ
713 4639 779 4700 ἔτερα
798 4637 911 4698 ἱστάμενα
928 4636 952 4685 έν
966 4642 1001 4698 τῷ
1017 4637 1174 4700 Δεπλοκιονίῳ
1189 4639 1380 4702 περιεκύκλωσαν
1400 4639 1448 4689 ἀπὸ
1462 4645 1503 4698 τῆς
1515 4639 1611 4703 Ὦρσίας
1624 4639 1700 4696 πύλης
1715 4641 1833 4694 blesim

222 4708 263 4757 τδν
273 4706 466 4769 Μεγαδημήτριον
477 4704 519 4763 τὴν
532 4704 666 4769 ἀκρόπολιν·
681 4707 721 4754 καί
732 4709 774 4764 τὴν
785 4707 872 4769 πάρτην
885 4706 926 4763 τὴν
937 4708 1021 4770 μικρὰν
1031 4707 1073 4763 τὴν
1083 4707 1107 4756 iv
1119 4713 1147 4769 τῇ
1158 4713 1217 4771 μονῇ
1229 4714 1269 4767 τῆς
1278 4708 1441 4772 Ὀδηγητρίας,
1450 4708 1592 4764 καταθάντες
1599 4709 1628 4758 τδ
1641 4709 1703 4770 μέγα
1713 4712 1833 4767 παλάτιον

224 4778 263 4825 καὶ
278 4777 398 4831 διαθίντες
409 4775 450 4825 τδν
461 4776 544 4836 λιμένα
560 4777 752 4840 περιικύκλωσαν
765 4776 820 4839 άχρι
837 4780 880 4824 τοῦ
893 4775 1018 4836 Βλάγκα...
1033 4779 1149 4833 Δύνοντος
1167 4777 1208 4826 σύν
1222 4783 1266 4827 τοῦ
1279 4778 1346 4838 ἡλίου
1357 4779 1386 4828 τὸ
1400 4779 1504 4827 ἐνυάλιον
1517 4778 1608 4841 ἡχησε,
1619 4779 1660 4825 καὶ
1672 4778 1745 4834 αύτδς
1760 4783 1777 4830 θ
1791 4782 1831 4831 τύ-

222 4861 302 4906 ραννος
317 4846 414 4908 ίριπτιος
426 4850 455 4907 τῇ
468 4846 563 4909 δευτέρα
580 4847 695 4909 ἑσπέρας,
712 4847 752 4894 καί
765 4845 793 4907 ἦν
809 4847 825 4903 η
843 4846 969 4907 παράταξις
989 4847 1078 4907 μεγάλη
1097 4848 1187 4912 σφόδρα
1205 4849 1253 4898 cic.
1265 4847 1383 4898 Similiter
1395 4847 1539 4897 Critobulus
1551 4847 1668 4897 ultimum
1687 4848 1834 4914 assultum,
1917 4856 1918 4859 ’

222 4927 272 4977 qun
286 4919 358 4978 capla
373 4914 432 4965 urbs
446 4919 498 4977 εεῑ,
514 4915 565 4976 ium
584 4915 643 4965 inde
658 4929 672 4965 ε
691 4928 792 4979 vespere
809 4914 859 4964 diei
871 4916 973 4965 llxvlll
988 4914 1086 4966 inilium
1104 4917 1222 4977 sumsisse
1234 4920 1326 4967 nannai.
1343 4921 1376 4968 nt
1389 4917 1504 4968 audiendi
1518 4917 1599 4981 polius
1614 4919 1691 4967 leslcs
1709 4920 1755 4982 qui
1770 4921 1833 4983 lucis

223 4984 297 5035 rebus
310 4986 486 5045 interfuerunt,
497 4987 623 5037 Burburus
634 4999 659 5050 p.
670 4990 702 5036 48
713 5000 751 5050 sq.
762 4989 789 5036 cl
798 4987 933 5036 Pbranlzcs
946 5000 970 5050 p.
986 4992 1039 5037 288.
1054 4988 1196 5039 secundum
1210 4989 1256 5039 hm
1269 4988 1345 5038 'iunci
1357 4988 1398 5038 dic
1414 4993 1439 5039 cl
1453 5001 1556 5051 uespere
1569 4989 1660 5037 xxvii
1672 4989 1758 5039 omnia
1771 5004 1830 5053 qum

223 5054 255 5103 nd
275 5055 361 5105 urbem
378 5058 466 5107 ultimo
484 5059 618 5109 certamine
633 5057 820 5122 expugnandum
843 5058 981 5107 neccssaria
996 5071 1051 5108 esne
1067 5059 1417 5124 viderentun,praepunarunt‚
1431 5059 1557 5122 adipsum
1571 5071 1630 5108 vcro
1640 5060 1768 5109 assultum
1779 5074 1828 5111 nun

222 5131 378 5176 οοεεεεετιιιιε
388 5128 436 5177 αἰεί
447 5128 526 5192 piimc
537 5142 608 5179 mane
621 5128 670 5179 (liei
684 5130 769 5179 xlllll.
784 5129 930 5187 l‘hmnlzcs,
943 5129 986 5191 qui
998 5132 1053 5179 lum
1066 5144 1114 5180 unu
1128 5144 1185 5180 cum
1197 5131 1345 5195 imperatore
1357 5143 1442 5180 munos
1452 5130 1526 5190 obiit,
1537 5131 1588 5193 περὶ
1601 5130 1626 5179 δὲ
1634 5132 1743 5193 δευτέραν
1755 5130 1828 5180 αλια·

222 5196 364 5259 τρορωνίαν,
378 5199 472 5261 inquil,
483 5202 539 5250 ἀνευ
558 5201 658 5265 σημείου
669 5203 745 5259 τινὸς,
754 5204 831 5258 καθὼς
846 5201 886 5249 καὶ
899 5200 978 5258 άλλαις
990 5203 1087 5264 ἡμέραις
1101 5203 1253 5265 προεποίουν,
1263 5204 1304 5253 τδν
1313 5202 1416 5264 πόλεμον
1428 5198 1521 5265 ἀνῆψαν
1534 5202 1593 5263 μετὰ
1606 5199 1706 5263 μεγάλης
1720 5203 1829 5260 σπουδῆς

222 5269 263 5319 καὶ
278 5268 339 5331 βίας.
354 5270 427 5327 Quod
439 5270 517 5334 ipsam
529 5285 639 5336 pugnum
651 5273 750 5335 illinet,
766 5273 913 5324 Phnmlzem
929 5274 955 5323 el
972 5273 1109 5324 Barbarum
1120 5274 1210 5337 εθεεες
1224 5271 1311 5337 reliqui
1324 5272 1457 5337 εοείρθοεεε
1468 5271 1569 5321 minciis
1579 5273 1638 5322 nunt
1648 5271 1777 5323 momenti.
