3832 6042
700 467 977 532 INTRODUGTION

54 610 125 684 ciple
135 630 144 681 3
154 608 319 685 rependant
329 606 436 664 Eusebe
449 607 555 664 semble
567 605 660 665 croire
667 625 722 682 que
734 624 767 663 cc
779 605 822 661 fut

54 705 202 780 beaucoup
214 706 280 780 plns
294 704 337 760 tdt
352 700 405 781 (ι).

90 803 170 857 Saint
179 801 295 856 Jerome
305 817 378 855 nous
390 797 518 873 apprend
530 817 585 872 que
595 797 754 855 Bardcsane
764 815 820 872 pu-

54 898 108 954 blia
117 896 153 953 de
163 907 274 954 savants
288 897 384 952 traitds
398 907 496 953 contre
505 897 545 952 les
559 896 679 952 heresias
695 895 745 970 qui
756 894 820 970 pul·

54 994 169 1050 lnlaient
184 1012 221 1049 en
240 993 339 1067 Syrie,
359 993 471 1047 suivant
487 1010 539 1047 son
564 990 701 1065 expressis
720 989 821 1045 temol-

53 1107 140 1164 gnage
153 1087 206 1165 (α).
217 1088 381 1163 Νἰτέρίιοτε
389 1088 443 1144 cite
451 1105 492 1142 nn
502 1087 574 1144 livre
584 1098 684 1143 contre
693 1086 823 1141 Marcion

53 1197 77 1240 et
89 1186 157 1260 cinq
171 1196 266 1242 autres
281 1203 418 1260 ouvrages
431 1194 531 1241 contre
544 1194 641 1240 autaut
654 1182 821 1239 d’heresiarss

54 1301 121 1358 ιγυιεο
134 1282 209 1339 dont
219 1284 260 1339 les
274 1301 358 1339 noms
372 1301 444 1339 nous
456 1293 520 1339 sont
533 1282 673 1338 inconnus
686 1277 737 1357 (3).
751 1278 822 1334 Mal·

53 1378 266 1435 lrenrensement
279 1378 307 1434 la
319 1379 384 1454 plus
396 1377 504 1453 grande
514 1377 606 1452 partie
625 1373 674 1432 des
690 1375 773 1431 ecrite
786 1373 822 1430 de

54 1472 208 1529 Bardesane
223 1492 260 1529 ne
274 1484 340 1529 sont
357 1474 441 1548 point
460 1491 600 1549 parvenus
611 1470 723 1546 jusqn’i
738 1489 820 1528 nous.

90 1569 134 1625 On
149 1568 193 1624 dit
202 1587 269 1642 qne,
284 1587 334 1625 sur
346 1567 424 1625 ialin
435 1567 509 1625 desa
523 1566 655 1637 carridre,
665 1566 823 1623 Βετᾶεεοινο

53 1663 155 1719 semble
171 1667 353 1721 reconnaltee
366 1682 409 1721 ses
427 1682 547 1722 erreurn
562 1664 633 1719 Mais
647 1661 772 1739 l'dvdque
785 1660 822 1717 de

53 1762 176 1831 Cdvaree,
188 1763 238 1836 qui
257 1779 330 1818 nous
340 1781 357 1818 a
368 1763 505 1819 conserve
523 1780 556 1818 ce
569 1760 703 1817 convenit
719 1756 769 1835 (4),
780 1776 824 1813 as·

52 1873 111 1912 sure
126 1875 185 1932 que
200 1858 228 1913 le
241 1857 354 1915 celebre
370 1858 523 1933 gnostique
536 1841 667 1912 d'lidesse
681 1873 718 1911 ne
732 1851 822 1925 rejcta

50 1950 145 2021 jamais
156 1951 344 2009 entier-ament
357 1951 484 2008 l’hdrdsie
495 1962 524 2009 et
544 1947 612 2026 qu’il
631 1948 693 2005 finit
708 1966 762 2025 par
777 1966 822 2004 re·

54 2048 163 2103 tomber
181 2048 253 2104 dans
268 2060 331 2104 tous
344 2066 388 2105 ses
403 2048 585 2123 dgarements

54 2350 168 2400 timna
183 2348 317 2408 οἘυεὲεε,
339 2361 370 2397 οε
384 2360 453 2398 siner
468 2341 607 2406 Εειειιετιε,
632 2359 664 2395 οε
684 2360 753 2397 sarri
776 2346 818 2395 Ji-

80 2439 160 2489 ione,
176 2440 209 2475 οε
223 2418 425 2486 citerdrosae,
440 2439 472 2476 oa
492 2427 566 2474 Jonas
578 2423 718 2474 n'ltvmcim
740 2438 769 2474 ετ
790 2438 823 2474 νε

81 2503 198 2554 ιέυτνυε
215 2508 260 2553 nso
270 2505 505 2562 Parmenonem,
519 2515 563 2552 san
575 2502 730 2555 Βιεοεεκνε.

426 2655 448 2703 1.

80 2799 205 2865 [matie.
224 2801 322 2851 Hister.
338 2799 446 2859 Eccita,
459 2798 502 2848 liv.
517 2800 561 2859 lv,
575 2798 614 2848 oli.
626 2799 682 2864 aa]

104 2943 149 3004 ἐπὶ
163 2943 191 3003 dl
204 2947 252 3014 τῆς
268 2944 346 3017 αὐτῆς
362 2944 498 3024 βασιλείας
511 2946 666 3016 πληθουσῶν
683 2949 734 3005 τῶν
749 2946 822 3028 alpi-

53 3065 116 3103 εεων
142 3042 185 3102 tat
209 3045 260 3114 τῆς
278 3041 360 3119 μέσης
389 3044 440 3101 τῶν
464 3047 607 3121 ποταμῶν,
633 3046 823 3126 Βαρδησάνης,

52 3138 210 3208 ίκανώτατύς
224 3163 262 3207 τις
278 3139 344 3217 ἀνὴρ
360 3138 387 3198 ίν
399 3164 428 3199 τε
443 3144 477 3222 τῇ
493 3138 587 3222 Σύρων
601 3147 675 3223 φωνῇ
691 3144 821 3204 διαλεκτι·

53 3234 174 3314 κώτατος,
185 3236 250 3317 πρὸς
264 3233 323 3302 reli<
334 3234 406 3295 κατὰ
418 3235 565 3317 Μαρκίωνα
580 3238 626 3297 καί
638 3260 710 3307 τινας
721 3241 823 3320 ίτίρους

55 3329 180 3413 διαφόρων
199 3332 408 3412 προϊσταμένους
421 3331 560 3411 δογμάτων
575 3334 712 3413 διαλόγους
725 3357 821 3408 συστη-

55 3429 180 3505 σάμενος,
196 3432 229 3508 τῇ
243 3426 329 3509 οίκείμ
343 3424 482 3507 παρίδωκε
494 3426 600 3508 γλώττῃ
619 3452 647 3488 τε
662 3430 707 3490 καὶ
721 3436 821 3513 γραφῇ,

55 3524 120 3600 μιτίι
134 3525 178 3585 καί
191 3523 323 3585 πλείστων
337 3524 433 3606 ἕτίρων
448 3526 527 3588 αὐτού
536 3528 767 3607 συγγραμμάτων·
779 3528 823 3597 οθς

54 3624 76 3680 oi
89 3622 213 3702 γνώριμοι
223 3624 359 3702 (πλεῖστοι
372 3621 399 3681 dl
414 3612 481 3696 ἦσαν
491 3623 562 3700 αύτῷ
574 3624 689 3692 δυνατῶς
702 3625 823 3709 τῷλόγῳ

55 3719 252 3801 παρισταμένην)
268 3720 313 3780 ἰπὶ
325 3719 374 3791 τὴν
386 3718 524 3791 Ἑλλήνων
537 3720 589 3780 άπὸ
600 3725 647 3793 τῆς
662 3721 756 3803 Σύρων
770 3746 819 3802 με·

55 3814 230 3887 radoaldum
243 3819 347 3897 μονῆς·
365 3816 392 3873 δν
407 3805 446 3883 οἷς
460 3814 517 3874 lori
529 3816 575 3875 καὶ
589 3819 604 3874 δ
620 3818 685 3898 πρὸς
699 3818 821 3880 Ἀντωνῖ-

55 3932 95 3968 νον
106 3910 266 3980 ἱκανώτατος
277 3912 357 3971 αύτοῦ
372 3912 432 3992 περὶ
446 3910 608 3993 εἱμαρμένης
622 3913 759 3994 διάλογος,
772 3916 821 3977 ὅσα

55 4028 82 4063 τε
96 4006 162 4067 ἄλλα
174 4006 253 4084 φασὶν
270 4006 348 4066 αθτδν
364 4007 495 4088 προγάσει
509 4013 555 4068 τοῦ
573 4011 689 4089 διωγμοῦ
706 4013 822 4094 συγγρά·

55 4102 112 4179 pm.
151 4092 207 4164 ’Ἦν
219 4104 243 4163 δ’
250 4100 302 4180 ἄρα
313 4093 386 4169 οὗτος
397 4101 522 4184 πρότερον
533 4108 579 4176 τῆς
595 4103 665 4165 κατά
677 4109 819 4169 Οὐαλεντῖ·

56 4220 97 4257 νον
117 4202 226 4279 σχολῆς,
250 4198 396 4279 καταγνούς
415 4199 443 4259 δί
465 4199 577 4274 ταύτης,
591 4202 704 4264 πλεῖστά
725 4226 754 4263 τε
776 4208 822 4277 τῆς

57 4297 123 4355 κατά
142 4303 231 4357 τοῦτον
254 4292 408 4376 μυθοποιίας
430 4296 590 4376 ἀπελίγξας,
605 4299 689 4359 ίδόκει
704 4299 752 4378 μίν
767 4324 822 4368 πως

58 4395 130 4463 αιίτδς
149 4398 232 4476 isuadi
246 4396 291 4455 tat
313 4396 361 4467 τήν
383 4396 522 4475 ὀρθοτέραν
542 4397 651 4474 γνώμην
670 4403 820 4476 μετατεθεῖ-

59 4494 129 4548 σθαι·
142 4493 171 4551 ού
185 4491 237 4569 μήν
253 4514 284 4571 γε
297 4492 432 4558 παντελῶς
451 4492 621 4574 άπερρύψατο
638 4492 681 4552 τδν
702 4497 750 4566 τῆς
769 4516 822 4553 πα-

59 4584 131 4651 λαιάς
143 4588 263 4666 αἱρέσεως
278 4586 370 4664 ῥύπον.
414 4586 463 4647 Ἐν
477 4587 562 4668 τούτῳ
574 4611 603 4667 γε
619 4589 672 4668 μὴν
687 4590 732 4650 καὶ
747 4594 762 4649 δ
776 4595 823 4663 τῆς

60 4676 194 4758 Ῥωμαίων
211 4682 352 4755 ἐκκλησίας
369 4680 511 4751 ίπίσκοπος
528 4684 623 4766 Σωτὴρ
638 4688 779 4768 τελευτᾷ...

90 4883 123 4947 (1)
139 4886 244 4946 Eusthe,
266 4888 336 4938 ΗΜ.
353 4887 434 4949 dcet,
445 4887 486 4940 liv.
504 4891 580 4950 lite
594 4894 632 4941 30.
650 4917 681 4927 -
692 4892 731 4941 ct.
756 4895 824 4944 aussi

63 4962 133 5012 noae
142 4962 307 5021 dclihortne.
323 4966 389 5015 illst.
400 4963 508 5025 d’Arm,
519 4966 562 5017 llv.
578 4970 610 5027 ll.
622 4967 663 5019 ch.
673 4975 713 5020 oo.

91 5036 320 5101 (tlsaintlertme,
338 5045 434 5107 opero,
449 5047 468 5094 t.
480 5046 524 5104 lv,
536 5058 560 5109 p.
577 5050 629 5106 111,
646 5051 698 5096 111.

92 5115 125 5179 (3)
136 5118 285 5185 ttlotphore,
301 5122 371 5171 aaa.
391 5121 487 5184 εετὶιε,
506 5123 548 5172 liv.
565 5124 610 5182 lv,
627 5122 666 5173 eh.
689 5128 725 5175 11.
737 5152 769 5163 -
782 5126 821 5176 ct.

62 5194 124 5245 ausrl
136 5200 210 5250 ltolse
220 5198 252 5251 do
265 5199 393 5261 liltortne,
408 5204 475 5252 Risi.
486 5202 593 5264 d'rtrnv,
611 5203 653 5255 liv.
665 5206 697 5267 lt,
711 5208 751 5259 eh.
760 5215 801 5259 tt.

92 5273 123 5337 (t)
133 5276 241 5340 tunm,
252 5280 322 5331 ssiat
338 5279 435 5342 eccles,
448 5281 490 5333 liv.
501 5286 546 5348 tv,
555 5285 597 5335 cli.
615 5290 644 5335 28

1192 652 1195 657 ,
1248 610 1271 656 2.

866 730 870 738 “
909 731 949 797 [s.
962 724 1296 797 Epiphane,11aercs.,LVl,
1310 738 1337 786 c.
1352 736 1384 801 1.]

916 863 952 926 ‘0
965 866 993 923 δδ
1008 866 1193 946 Βαρδησιάνης
1205 856 1293 942 οὗτος,
1309 864 1337 934 li
1351 857 1433 947 ούπιρ
1447 868 1464 937 ἡ
1482 864 1580 945 αίρεσις
1594 870 1645 922 τῶν

875 962 1107 1043 Βαρδησιανιστῶν
1122 965 1280 1043 γεγένηται,
1295 966 1324 1022 ἐκ
1338 962 1545 1041 Μεσοποταμίας
1557 960 1604 1040 μίν
1615 961 1646 1019 τ’)

875 1056 946 1138 γάνος
961 1050 1013 1139 ἦν,
1036 1063 1088 1120 τῶν
1113 1061 1182 1121 κατδ
1203 1058 1251 1133 τὴν
1266 1060 1433 1132 Ἐδεσσηνών
1458 1058 1535 1119 πολιν
1556 1080 1645 1118 ιιατοεκ

876 1153 1000 1216 κούντων.
1041 1153 1093 1222 ⁶0<
1105 1155 1139 1214 τά
1155 1154 1202 1228 μὲν
1216 1158 1309 1236 πρῶτα
1319 1154 1423 1234 ἄριστός
1433 1177 1471 1221 τις
1487 1153 1554 1233 άνλρ
1567 1152 1646 1232 ίτύγ·

875 1274 957 1329 γανι,
971 1251 1062 1332 λύγους
1084 1252 1112 1312 δὲ
1132 1255 1179 1312 οὐκ
1199 1253 1301 1330 ὀλίγους
1320 1252 1516 1334 αυνεγράψατο,
1530 1253 1645 1322 ὁπηνίκα

876 1349 1026 1429 θρροιμὲνην
1038 1338 1094 1427 εἶχε
1103 1347 1150 1415 τλν
1162 1347 1289 1407 διάνοιαν.
1333 1347 1383 1408 Ἐκ
1394 1346 1445 1426 γάρ
1455 1350 1502 1419 τῆς
1512 1345 1588 1425 ἁγίας
1599 1351 1645 1407 τού

875 1445 946 1505 Θεοῦ
961 1446 1102 1518 ἐκκλησίας
1117 1448 1242 1525 ὡρμᾶτο,
1256 1443 1343 1521 λάγιάς
1356 1468 1395 1512 τις
1412 1443 1448 1504 ὢν
1464 1446 1491 1503 iv
1505 1451 1562 1510 ταῖς
1586 1441 1644 1503 δυσί

875 1539 1024 1619 γλώσσαις,
1038 1542 1162 1621 ίλληνικῇ
1176 1564 1205 1599 τε
1221 1541 1351 1621 διαλέκτῳ
1365 1539 1411 1600 καί
1430 1544 1464 1622 τῆ
1476 1543 1529 1600 τῶν
1551 1539 1646 1620 Σύριον

876 1642 961 1720 φωνῇ,
973 1636 1128 1720 Αὐγάρῳδί
1141 1641 1180 1719 τῷ
1188 1641 1241 1697 τῶν
1254 1636 1420 1712 Ἐδεσσηνιῗιν
1431 1637 1556 1717 δυνάστῃ,
1573 1635 1647 1713 άνδρὶ

875 1734 1012 1814 δσιωτάτομ
1028 1735 1074 1794 καὶ
1088 1731 1261 1813 λογιωτάτῳ,
1278 1732 1479 1810 ίξοικειούμενος
1497 1731 1532 1792 τὰ
1551 1734 1643 1813 πρῶτα

875 1833 922 1891 καὶ
939 1831 1115 1910 συμπράττων
1134 1855 1162 1891 τε
1184 1830 1241 1909 ἅμα
1260 1831 1306 1891 καί
1321 1835 1370 1904 τῆς
1394 1833 1474 1890 αὐτοῦ
1498 1828 1639 1910 μετασχών

875 1927 1010 2002 παιδείας,
1026 1927 1146 2010 διήρκεσε
1167 1927 1215 2006 μίν
1247 1925 1315 2007 μετά
1333 1926 1382 1998 τὴν
1405 1926 1503 1988 ίκείνου
1525 1925 1647 1994 τελευτὴν

875 2023 938 2104 άχρι
954 2027 1006 2084 τών
1017 2024 1120 2105 χρόνων
1132 2023 1284 2085 ’Λντωνίνου
1295 2022 1446 2103 Καίσαρος,
1462 2023 1490 2082 οὔ
1504 2025 1551 2082 τοῦ
1564 2024 1646 2082 Εὐσε-

876 2120 936 2190 dote
949 2119 1129 2199 ιιαλουμίνου,
1145 2121 1213 2182 ἀλλὰ
1224 2128 1270 2182 τοῦ
1281 2121 1400 2202 Οθήρου·
1415 2119 1444 2189 δς
1457 2119 1544 2181 πολλά
1558 2119 1644 2182 ’λύει-

875 2215 922 2275 δδν
933 2215 977 2275 τὸν
993 2216 1156 2296 ἀστρονόμον
1174 2216 1244 2276 κατδ
1258 2217 1421 2296 είμαρμίνης
1433 2214 1518 2295 λίγων
1531 2219 1644 2276 συνελο-

875 2313 979 2392 γίσατο.
1023 2313 1078 2374 Καὶ
1090 2316 1159 2375 ἄλλα
1172 2313 1200 2373 δὲ
1212 2313 1282 2375 κατά
1292 2313 1340 2374 τθν
1354 2313 1450 2388 clandii
1464 2314 1552 2376 πίστιν
1565 2314 1644 2397 inpi-

877 2432 948 2489 ρεται
969 2412 1048 2469 αὐτοῦ
1068 2409 1253 2488 συντάγματα.
1295 2410 1463 2493 ’λπολλωνίιρ
1482 2412 1510 2469 dl
1531 2413 1570 2492 τῷ
1598 2415 1644 2470 τοῦ

876 2503 1027 2566 Ἀντωνίνου
1042 2505 1140 2587 ίταίρῳ
1154 2508 1251 2588 ἀντῆρε
1266 2506 1471 2588 παραινούμενος
1481 2505 1646 2585 ἀρνήσασθαι

875 2602 906 2663 τδ
918 2602 1071 2683 χριστιανδν
1084 2601 1176 2663 ίαντδν
1191 2602 1289 2683 λέγειν.
1333 2602 1368 2664 ‘0
1382 2600 1410 2663 dl
1425 2603 1519 2684 σχεδδν
1534 2607 1561 2664 lv
1575 2604 1646 2675 τάξει

875 2699 1014 2778 ὁμολογίας
1028 2700 1161 2775 κατέστη,
1175 2701 1267 2779 λόγως
1281 2725 1309 2762 τε
1324 2700 1445 2769 συνετούς
1464 2701 1642 2784 ἀπεκρίνατο,

875 2796 942 2873 ὑπὲρ
956 2794 1089 2863 εύσεύείας
1103 2795 1225 2876 ἀνδρείοις
1240 2795 1464 2876 ἀπολογούμενος,
1477 2798 1590 2859 θάνατον
1605 2799 1643 2875 μί,
1746 2829 1752 2839 ·

875 2890 986 2951 δεδιέναι
1001 2892 1102 2973 ρήσας,
1118 2892 1147 2952 δν
1159 2892 1261 2975 ἀνάγκη
1273 2893 1394 2969 ἔσεσθαι,
1409 2893 1460 2955 κάν
1474 2899 1553 2977 τιτῷ
1569 2899 1646 2974 βασι-

875 2989 930 3061 λεῖ,
945 2988 982 3066 μὴ
998 2989 1128 3049 ἀντείποι.
1170 2989 1225 3052 Καὶ
1240 2989 1323 3058 οὕτως
1337 2994 1351 3049 δ
1363 2992 1431 3071 ἀνὴρ
1444 2991 1478 3052 τά
1494 2990 1582 3052 πάντα
1596 3015 1648 3071 με-

874 3085 962 3165 γάλως
975 3076 1008 3159 ἦν
1022 3085 1234 3166 κεκοσμημένος,
1249 3085 1297 3153 ἕως
1308 3087 1351 3146 δτε
1366 3090 1403 3168 τῷ
1421 3087 1588 3167 άστοχήματι
1601 3078 1647 3160 vi<

875 3185 969 3243 ἑαυτοῦ
983 3183 1108 3262 αίρίσεωτ
1119 3180 1259 3262 περιίπεσε
1271 3185 1355 3244 κ.τ.λ.
1368 3218 1408 3229 -
1417 3188 1449 3245 C.
1463 3205 1491 3244 a.
1503 3182 1647 3266 προσρθεί-

875 3303 947 3359 ρεται
957 3277 1008 3360 γάρ
1017 3269 1090 3347 οἶτος
1101 3281 1327 3348 Οὐαλεντινιανοῐς
1339 3283 1423 3342 κ.τ.λ.

1251 3439 1274 3484 θ.

909 3570 943 3635 [8.
956 3570 1063 3632 lemme,
1076 3573 1114 3622 De
1125 3573 1190 3622 virts
1207 3571 1314 3627 illustr..
1327 3586 1348 3622 c.
1368 3576 1407 3623 33.
1422 3570 1451 3610 ’-
1471 3577 1568 3638 θγιενα,
1581 3578 1599 3625 1.
1615 3577 1647 3633 n,

874 3662 935 3717 page
949 3655 991 3702 371
1003 3655 1029 3702 et
1043 3651 1120 3716 suin]

914 3796 1088 3855 Bardesanes
1102 3798 1132 3853 in
1144 3799 1349 3874 Mesopotamia
1364 3799 1457 3855 clarus
1469 3799 1582 3855 habitus
1595 3812 1646 3870 est,

875 3896 925 3968 qui
936 3897 1057 3970 primum
1067 3896 1207 3951 Valentini
1216 3906 1347 3968 sectator,
1358 3896 1461 3953 deinde
1473 3898 1646 3969 confutator,

874 4009 979 4048 novam
995 3980 1122 4049 haeresim
1147 3992 1288 4050 condidit.
1312 3992 1423 4050 Ardcns
1447 3993 1506 4067 ejus
1535 4013 1552 4050 a
1572 3996 1649 4069 Syris

874 4089 1044 4164 praedicatur
1054 4092 1197 4165 ingenium
1210 4102 1238 4147 et
1250 4091 1280 4145 in
1291 4090 1481 4165 disputatione
1490 4094 1646 4149 vehemens.

874 4188 991 4262 Scripsit
1004 4186 1114 4244 infinita
1126 4188 1272 4245 adversum
1288 4207 1386 4245 ornnes
1398 4208 1477 4263 pane
1489 4189 1647 4263 lraereticos,

874 4286 925 4360 qui
935 4295 1015 4341 atate
1025 4285 1085 4358 ejus
1096 4286 1316 4360 pullulaverant,
1327 4287 1470 4362 inquibus
1482 4289 1649 4344 clarissimus

874 4392 955 4439 estet
968 4382 1135 4438 fortissimus
1149 4383 1232 4454 liber,
1249 4402 1334 4457 quem
1348 4384 1447 4440 Marco
1466 4386 1590 4441 Antonio
1612 4386 1648 4442 de

875 4479 932 4536 sato
948 4478 1073 4551 tradidit,
1085 4491 1113 4536 et
1126 4482 1213 4536 multa
1225 4481 1280 4537 alia
1291 4500 1377 4556 snper
1389 4483 1588 4557 persecutione
1599 4501 1647 4538 ro·

874 4579 1000 4647 lumina,
1017 4597 1080 4652 quae
1095 4589 1246 4637 sectatores
1267 4578 1327 4652 ejus
1342 4579 1378 4636 de
1393 4599 1455 4654 syra
1474 4581 1569 4657 lingua
1583 4601 1646 4638 ver·

876 4688 972 4733 terunt
983 4679 1015 4733 in*
1021 4696 1148 4754 graecam.
1165 4679 1193 4736 Si
1203 4690 1296 4735 autem
1317 4690 1393 4736 tanta
1402 4681 1446 4735 vis
1459 4691 1499 4736 est
1512 4691 1541 4736 et
1553 4682 1647 4756 fulgor

876 4776 905 4831 in
917 4775 1159 4850 interpretatione,
1174 4787 1312 4850 quantum
1326 4787 1457 4850 putamus
1470 4779 1500 4833 in
1516 4797 1647 4835 sermone

875 4873 1010 4947 proprio?

1255 5006 1276 5052 l.

905 5130 955 5195 [ld.
968 5129 1198 5194 Maiorianum,
1214 5133 1245 5191 11,
1264 5135 1300 5181 11.
1317 5156 1346 5166 -·
1358 5134 1453 5194 opero,
1467 5136 1486 5181 t.
1504 5135 1536 5194 ΙΙ,
1554 5149 1578 5199 p.
1592 5139 1644 5185 att.

915 5278 1087 5335 Bardesanes
1095 5278 1315 5354 virBabylonius
1323 5278 1350 5330 in
1359 5276 1417 5333 duo
1428 5277 1560 5354 dogmata
1571 5282 1647 5357 apud
