3890 6044
14 1286 26 1657 l

556 651 1220 780 PROLEGOMENA.

717 918 1006 955 a*

682 1140 757 1227 DE
789 1136 1094 1230 CODlGlBUS.

475 1381 500 1442 l.
520 1381 643 1441 CODEX
662 1379 895 1442 Paulstuttsts
915 1379 1020 1440 ocull
1041 1376 1312 1438 SUPPLEllEllTl.

112 1632 151 1692 [le
160 1632 220 1691 boc
233 1629 346 1689 codice
357 1671 367 1697 ,
379 1644 422 1683 ex
434 1643 493 1702 quo
502 1623 681 1682 Aristodemi
691 1637 720 1681 et
734 1621 854 1682 Eusebii
866 1635 895 1680 et
909 1621 1003 1681 Prisci
1012 1623 1172 1697 fragmenta
1181 1619 1371 1692 exhibemus,
1383 1620 1517 1698 quamvis
1528 1619 1685 1698 diligenter

75 1730 128 1809 jam
149 1726 331 1808 exposuerit
353 1720 484 1781 Carolus
503 1720 640 1779 Wescber
655 1721 687 1780 in
711 1721 789 1781 libro
812 1720 1028 1796 elegantissimo
1047 1719 1099 1798 qui
1124 1717 1298 1778 inscribitur
1318 1721 1521 1795 Polioree'uprrc
1536 1720 1587 1776 des
1608 1722 1692 1778 (ἔκιε

78 1826 179 1895 maris.
198 1825 294 1899 1867)
313 1842 350 1900 p.
367 1817 413 1878 xl
428 1838 507 1896 sqq„
525 1831 619 1877 tamen
633 1830 667 1877 ut
679 1817 776 1878 denuo
789 1837 843 1877 nos
857 1817 1005 1889 dicamus,
1022 1815 1149 1879 instituti
1164 1816 1255 1875 nostri
1271 1815 1346 1875 ratio
1359 1816 1507 1895 postulare
1520 1815 1648 1876 videtur.

114 1922 263 1982 linoidas
276 1918 383 1979 trinas
399 1936 418 1975 a
433 1915 595 1975 scholarum
609 1915 747 1979 ministro
760 1916 792 1974 in
804 1916 952 1975 Orientem
966 1915 1074 1973 missus
1091 1926 1124 1971 ut
1143 1912 1258 1972 codices
1273 1911 1316 1971 ibi
1331 1912 1468 1990 antiquos
1485 1912 1533 1971 rel
1544 1926 1688 1972 coemeret

81 2019 125 2076 rel
136 2015 341 2085 describeret,
354 2014 389 2071 in
402 2010 527 2076 Galliam
542 2010 635 2070 redux
648 2031 696 2072 an.
717 2011 792 2080 1843
807 2015 883 2070 inter
894 2011 952 2070 alia
965 2009 1153 2070 bibliothecas
1166 2008 1294 2088 publicae
1308 2009 1429 2068 tradidit
1445 2008 1605 2085 fragmenta
1619 2029 1693 2067 non·

84 2117 160 2174 nulla
166 2112 300 2190 polybii,
308 2109 465 2187 Dionysii,
474 2109 616 2185 Polyaeni,
625 2109 751 2188 Dexippi
763 2121 792 2167 et
802 2108 934 2182 Eusebii,
941 2129 1007 2187 quse
1014 2128 1046 2167 se
1057 2106 1395 2185 descripsissedicebate
1406 2106 1507 2166 codice
1518 2106 1617 2165 seculi
1627 2103 1694 2166 ΧΠ.

18 2248 23 2259 =
88 2216 150 2270 Hoc
160 2214 244 2269 llinae
255 2208 421 2288 ἅπόγραφον
436 2227 513 2266 nunc
523 2219 617 2266 exstat
630 2207 662 2266 in
676 2205 866 2266 Bibliotheca
877 2210 970 2268 Paris.
984 2204 1085 2265 codice
1098 2205 1156 2272 485
1164 2203 1383 2283 supplementi,
1395 2223 1432 2263 ex
1445 2223 1540 2282 eoque
1552 2203 1696 2279 fragmina

83 2308 141 2366 ista
150 2306 259 2386 publici
270 2305 358 2384 juris
370 2305 490 2363 fecimus
499 2303 538 2363 sd
545 2305 654 2365 calcem
664 2299 804 2365 editionis
811 2304 932 2385 losepbi
941 2305 1052 2382 (1847).
1059 2302 1193 2361 Ceterum
1204 2302 1392 2362 ldinasetiam
1408 2315 1531 2361 veterem
1547 2301 1693 2375 codicem,

77 2424 115 2462 ex
136 2425 198 2481 qno
218 2403 283 2462 lraec
304 2401 462 2482 depromta
476 2414 560 2461 erant
572 2415 601 2462 et
614 2402 700 2481 cujus
714 2403 887 2481 acquirendi
904 2403 1068 2462 facultatem
1083 2400 1251 2475 denegatam
1272 2418 1336 2458 esse
1354 2398 1547 2479 putabamus,
1562 2398 1695 2457 Parisios

73 2500 234 2572 attulerat,
251 2498 307 2558 sed
323 2498 500 2575 nescioquo
514 2498 639 2557 consilio
652 2498 727 2557 clam
739 2518 829 2577 penes
847 2498 879 2558 se
892 2496 1057 2577 detinebat,
1072 2516 1165 2575 usque
1183 2480 1252 2555 dum
1275 2496 1306 2555 in
1320 2496 1473 2556 domicilio
1496 2495 1626 2554 defuncti
1644 2512 1693 2554 re·

70 2609 181 2673 pertus
193 2595 279 2655 liber
288 2593 480 2655 bibliothecas
493 2594 637 2654 thesauris
650 2595 850 2655 vindicaretur
865 2594 924 2676 (an.
941 2597 1037 2673 1863).
1050 2596 1143 2654 Simul
1158 2608 1227 2653 tunc
1249 2613 1266 2653 e
1282 2593 1390 2654 cbsrtis
1403 2593 1491 2653 Minas
1513 2604 1694 2672 compertum

67 2705 117 2751 est
133 2690 276 2751 codicem
291 2692 384 2751 fuisse
398 2693 569 2752 monasterii
582 2692 670 2752 Athoi
685 2694 764 2771 quod
779 2692 913 2754 Βατοπέδι
928 2707 1061 2755 uocatur.

114 2788 218 2851 Liber
232 2789 303 2861 ille,
318 2789 396 2849 altus
410 2790 581 2849 centimetra
597 2811 647 2863 27,
660 2791 736 2849 latus
749 2790 920 2848 centimetra
935 2809 990 2866 ao,
1004 2788 1076 2848 folia
1096 2787 1316 2847 membranacea
1334 2786 1422 2847 babet
1437 2808 1506 2864 ¹²92
1522 2807 1587 2865 quae
1601 2784 1695 2846 Lucas

70 2885 212 2961 qnidam
223 2885 394 2966 bibliopega
406 2905 424 2945 e
436 2885 552 2945 Verona
566 2887 709 2946 oriundus
723 2887 828 2959 (λουκας
849 2906 1014 2965 suspensurae
1030 2885 1164 2964 ιλλιγατορ
1186 2884 1323 2965 ληὸρορομ
1344 2885 1375 2944 in
1396 2885 1463 2945 cod.
1481 2885 1612 2963 legitur),
1628 2904 1694 2943 saee.

71 2978 151 3040 XV}
167 2981 216 3039 vel
229 2979 305 3040 xvll
315 2984 347 3041 in
361 2983 526 3042 voluminis
538 2983 661 3041 formam
676 2982 835 3058 colligarit.
851 2981 908 3040 Sex
922 2982 1051 3039 continet
1064 2981 1180 3040 codices
1194 2982 1240 3039 vel
1255 2980 1389 3040 codicum
1401 2981 1559 3061 particulas
1574 2979 1692 3039 totidem

69 3078 216 3154 scriptos
229 3077 378 3138 manibus.
395 3078 498 3141 Exhis
515 3079 650 3137 ultimum
667 3078 763 3137 locum
777 3091 854 3137 tenet
870 3076 962 3136 codex
976 3097 1041 3138 sac.
1058 3077 1125 3137 xvt
1150 3077 1213 3154 (fol.
1233 3076 1391 3156 rol-129),
1407 3098 1513 3136 novem
1540 3077 1695 3135 continens

69 3172 234 3231 oratioms
248 3172 346 3251 Lysiae
361 3177 421 3251 (or.
442 3196 470 3236 r.
486 3196 536 3235 ao.
552 3195 603 3234 ar.
621 3196 671 3236 aa.
688 3176 716 3233 3.
732 3196 761 3235 s.
778 3182 805 3240 l..
820 3175 849 3233 5.
867 3173 945 3250 9ed.
960 3173 1051 3251 Did).
1069 3172 1198 3252 Reliquae
1214 3174 1364 3253 particulae
1378 3176 1509 3254 quinque
1530 3174 1695 3251 argumenti

71 3268 208 3325 vinculo
221 3270 351 3347 quodam
365 3271 445 3330 inter
456 3292 487 3331 se
497 3271 675 3350 junguntur,
690 3272 741 3330 sed
755 3272 832 3330 haud
842 3276 924 3349 justo
936 3291 967 3329 se
985 3271 1091 3330 ordine
1101 3272 1269 3353 excipiunt,
1284 3287 1313 3332 et
1326 3274 1465 3333 foliorum
1484 3272 1693 3332 nonnullorum

74 3364 127 3422 vel
149 3366 273 3442 jactura
298 3367 417 3440 lacera,
436 3369 484 3427 rel
508 3370 735 3448 transpositione
757 3367 933 3447 perturbatae
954 3382 1032 3429 sunt.
1057 3368 1096 3428 Ut
1121 3390 1199 3429 nunc
1221 3370 1299 3430 liber
1322 3370 1423 3441 habet,
1449 3372 1542 3430 series
1561 3370 1694 3430 codicum

77 3456 143 3518 bare
157 3475 201 3520 est
220 3481 231 3521 t

169 3579 196 3618 ι.
218 3557 331 3617 Nicetae
344 3559 493 3621 Cboniatae
508 3561 718 3638 fragmentum,
735 3561 787 3623 fol.
805 3583 869 3634 1·7.

169 3675 200 3715 a.
222 3654 429 3733 Chrysostomi
443 3658 651 3736 fragmentum,
664 3659 684 3719 f.
698 3660 781 3720 8-15.

168 3756 197 3813 3.
222 3754 344 3832 Scripta
361 3754 398 3814 de
418 3755 562 3815 machinis
580 3770 609 3816 et
623 3769 686 3815 arte
700 3754 906 3836 poliorcetica‚
923 3756 942 3815 f.
959 3757 1049 3833 18-80
1061 3771 1090 3817 et
1103 3759 1153 3818 82.

168 3857 197 3917 l.
221 3848 401 3909 Aristodemi
415 3865 446 3911 et
458 3852 628 3912 Philostrati
641 3853 817 3930 fragmenta,
831 3853 852 3914 Γ.
867 3853 902 3910 81
920 3865 949 3911 et
962 3854 1065 3929 83-87.

167 3946 197 4006 5.
220 3945 367 4026 Excerpta
379 3948 521 4009 historica
535 3949 572 4009 dc
585 3950 701 4029 procliis
715 3965 744 4009 et
759 3949 985 4023 obsidionibus,
999 3951 1020 4011 f.
1036 3952 1161 4013 86-103.
1180 3954 1224 4012 16.
1242 3974 1287 4026 17.

84 4038 120 4099 la
132 4042 291 4102 codicibus
311 4045 329 4100 3
344 4058 374 4103 et
389 4053 406 4113 l
421 4057 450 4104 et
464 4046 482 4104 5
498 4046 635 4106 foliorum
651 4049 725 4106 ordo
738 4048 806 4107 talis
819 4048 915 4126 qualis
929 4068 1008 4107 nunc
1025 4063 1080 4121 est,
1093 4048 1371 4129 transpositionibus
1386 4063 1415 4109 et
1436 4051 1548 4110 lacunis
1564 4048 1697 4109 turbatus

84 4139 283 4219 mutilusque,
300 4140 452 4200 indicatur
464 4142 619 4221 adscriptis
637 4146 769 4205 numeris
793 4147 894 4223 graecis
918 4144 1035 4227 (α’-πζ’).
1051 4147 1089 4204 lli
1108 4146 1200 4224 igitur
1222 4148 1336 4207 codices
1356 4147 1453 4226 juncti
1469 4150 1546 4209 inter
1565 4168 1596 4208 se
1615 4159 1699 4207 erant

84 4246 241 4313 antequam
259 4235 434 4295 acoederent
452 4237 593 4298 codicess
605 4252 633 4298 et
643 4243 674 4312 3,
685 4260 810 4318 quorum
823 4243 896 4302 alter
909 4242 1018 4302 Nicetae
1030 4244 1227 4303 narrationem
1244 4244 1281 4304 de
1294 4259 1458 4325 expugnata
1474 4267 1521 4307 ao.
1536 4253 1609 4314 1204
1622 4243 1699 4303 Con·

84 4332 298 4411 srmimpoli,
312 4332 388 4393 alter
401 4347 515 4413 partem
534 4336 677 4396 orationis
696 4337 898 4417 Chrysostomi
914 4340 950 4398 de
965 4340 1018 4400 Dei
1034 4341 1152 4433 civitate
1164 4341 1345 4402 defendenda
1357 4345 1497 4405 continet.

710 4514 839 4563 sottum
855 4516 898 4565 DE
915 4517 1077 4566 uictimis,

124 4663 227 4744 ltaque
247 4667 351 4746 primo
375 4667 445 4726 loco
468 4668 571 4746 loquar
587 4669 624 4728 de
647 4669 748 4730 codice
768 4674 873 4752 tertio,
890 4675 922 4734 in
947 4695 1006 4753 quo
1029 4676 1155 4755 pristina
1174 4689 1203 4735 et
1224 4638 1351 4754 genuina
1371 4676 1510 4736 foliorum
1528 4677 1618 4737 series
1635 4677 1698 4742 bnt

84 4775 174 4820 ml:

161 4858 371 4931 Quaterniol.
390 4858 443 4918 fol.
467 4860 513 4919 18.
540 4881 661 4938 19.20.
686 4883 735 4925 αι.
757 4884 808 4928 aa.
832 4869 880 4929 23.
903 4877 953 4939 st..
977 4871 1027 4931 32.

326 4956 369 5017 ll.
462 4958 510 5018 25.
535 4969 584 5019 st.
611 4978 661 5032 ²7·
685 4961 733 5021 28.
756 4983 804 5038 29.
828 4965 877 5025 3ο.
902 4967 950 5025 3ι.
984 4969 1000 4998 *

303 5053 365 5115 lll.
460 5056 511 5114 60.
535 5057 585 5133 59.
609 5058 658 5117 61.
683 5058 730 5118 33.
755 5059 804 5128 34.
828 5062 878 5120 35.
902 5062 952 5122 36.
976 5064 1023 5136 37.

217 5153 257 5214 lv
271 5167 303 5214 et
316 5151 355 5215 V.
459 5151 561 5213 3853.

871 5259 910 5339 rij
