3890 6044
235 508 299 589 tvttj
926 458 1141 579 'aunuum

237 644 309 701 lem.
326 644 424 702 Wien.
441 643 553 702 Gerold.
570 638 666 720 1868).
681 637 795 698 Deinde
809 637 886 697 idem
900 637 1092 716 fragmentum
1107 639 1204 699 denuo
1220 639 1355 701 exhibuit
1369 641 1542 703 Wescherus
1555 663 1588 704 sn
1601 648 1692 703 Βενιεε
1709 647 1833 707 ανσίείοί.

240 738 327 810 1668,
342 740 407 798 Jan.
421 758 452 816 p.
468 738 537 806 403.
551 736 592 797 tte
605 734 706 795 eodem
719 735 846 813 denique
856 735 933 795 dixit
948 734 1022 797 Lud.
1038 735 1208 796 Diodorlius
1220 737 1253 796 iu
1265 741 1345 799 Neue
1356 741 1459 802 Jahrb.
1463 738 1522 816 fiir
1528 742 1632 801 Philol.
1649 742 1736 818 1869,
1748 762 1780 818 p.
1790 751 1831 815 'lt

234 853 281 913 sq.
297 847 370 914 etp.
390 854 457 894 aaa.
1561 914 1564 919 ,

273 934 291 1009 s
308 952 336 992 x.
352 929 460 1007 ίσόίεεν]
483 935 565 991 codro
586 930 689 1006 codex,
707 926 759 989 ίσω
776 929 912 988 Diodori.
925 929 945 991 l.
956 929 976 987 l.
990 950 1020 1009 p.
1035 938 1086 1005 47,
1098 931 1211 992 latitatis
1223 929 1300 991 idem
1318 931 1363 994 ib.
1375 953 1407 1013 p.
1426 931 1674 1012 malitiamque
1692 953 1709 993 a
1724 933 1837 995 traditis

234 1027 329 1088 literis
347 1028 463 1106 lougius
477 1027 598 1089 recedit.
610 1026 709 1087 -db,
723 1026 777 1089 lin.
791 1027 820 1084 6.
837 1024 1033 1108 παρεχόμενον·
1047 1028 1084 1106 ol]
1097 1026 1275 1108 παρεχόμενον
1289 1028 1370 1103 οοά.;
1387 1030 1533 1110 παράσχω·
1548 1031 1572 1089 οἱ
1596 1031 1707 1109 ninus,
1719 1018 1836 1107 longius

234 1125 339 1185 iterum
359 1124 508 1185 recedens.
530 1124 665 1184 Ceterum
688 1143 745 1202 pro
764 1123 909 1190 πολλοῖς...
924 1123 1115 1204 ἐζωγρημένοις
1134 1137 1163 1183 et
1180 1123 1325 1203 ejusmodi
1341 1126 1425 1200 aliis,
1440 1127 1465 1187 si
1485 1125 1585 1200 lubet,
1607 1142 1749 1206 reponere
1768 1130 1838 1189 licet

233 1222 340 1282 formas
361 1222 473 1281 ionicas
494 1222 614 1281 πολλοῖσι
628 1235 686 1304 etc.
702 1220 763 1297 Ego
776 1222 814 1279 de
832 1220 957 1280 consilio
976 1221 1024 1281 his
1037 1220 1182 1294 abstinui,
1195 1242 1284 1300 quum
1304 1222 1336 1282 in
1351 1222 1418 1284 istis
1436 1222 1577 1283 Herodoti
1598 1224 1693 1285 simiis
1713 1225 1833 1284 dialecti

232 1319 452 1380 inconstantiam
464 1319 526 1397 jam
539 1317 687 1379 Luciautts
701 1316 896 1379 riserit-lb.
905 1317 958 1379 lin.
972 1319 999 1376 8.
1011 1316 1065 1377 οὔτ’
1076 1315 1131 1397 dtr]
1146 1319 1195 1398 οὐχ
1208 1316 1252 1378 ότε
1262 1319 1343 1392 οοά.;
1354 1318 1423 1380 οὔκω
1431 1342 1461 1380 τε
1474 1320 1610 1399 Diodori,
1621 1321 1832 1402 probabiliter,

232 1417 384 1495 quamvis,
403 1436 492 1496 quum
511 1417 607 1476 lacera
619 1419 713 1476 oratio
727 1416 781 1488 sit,
797 1415 871 1474 nibil
884 1414 1040 1475 decernere
1053 1416 1161 1495 possis.

269 1516 287 1591 s
304 1533 331 1573 a.
400 1511 448 1584 xilv
463 1512 523 1593 όψεν
535 1510 617 1584 αὐτὴν
630 1513 700 1591 etc]
712 1510 760 1584 τλν
772 1510 832 1593 ipo
847 1510 907 1572 οὔτε
920 1517 965 1572 τοῦ
980 1512 1097 1590 πολέμου
1159 1513 1340 1594 άπορηθῆναι,
1352 1514 1388 1580 ὡς
1399 1512 1426 1571 ίν
1439 1520 1537 1580 τοῖς
1550 1512 1677 1593 εὑρίσκεθ’
1690 1516 1837 1596 proponit

230 1622 260 1668 et
274 1609 380 1681 deinde
394 1610 528 1680 lacunam
543 1630 607 1670 esse
621 1624 689 1689 post
704 1630 735 1670 ν.
757 1609 895 1691 εὖστοχίης
913 1612 1014 1670 statuit
1032 1610 1192 1689 Gompera,
1205 1630 1265 1687 quo
1289 1609 1361 1688 quid
1380 1611 1528 1670 lucremur
1542 1610 1617 1670 nihil
1644 1611 1744 1672 video.
1760 1612 1836 1672 Din-

231 1706 344 1767 dorfius
360 1730 368 1765 t
384 1707 465 1787 [οὗτε]
479 1706 528 1779 τὴν
540 1706 600 1788 όψεν
614 1702 698 1779 αὐτὴν
712 1712 758 1767 τοῦ
775 1705 892 1786 πολίμου
907 1707 966 1769 οὔτε
983 1710 1036 1766 τῶν
1050 1707 1238 1787 άντι[στάντων
1250 1706 1396 1788 ῳοόηθίντα
1409 1705 1441 1766 τδ
1453 1709 1561 1787 πλῆθος]
1574 1708 1708 1785 πολεμίων
1728 1712 1835 1791 ἀπορη-

230 1804 349 1874 θῆναι
361 1806 410 1875 τῆς
422 1802 455 1884 (l)
472 1805 498 1862 ἐν
509 1802 578 1877 τοῖς,
592 1805 727 1882 quamvis
738 1805 887 1883 sequeutia
899 1825 965 1864 cum
980 1803 1028 1866 his
1046 1825 1107 1865 non
1121 1805 1265 1865 cohaerere
1280 1805 1410 1867 fateatur.
1431 1805 1549 1866 Codicis
1570 1826 1672 1866 vocem
1694 1809 1835 1868 ἀντιπολε-

231 1897 297 1974 μίων
309 1899 342 1976 li.
353 1918 381 1959 e.
397 1896 588 1975 εἰντιπολίμων]
602 1899 803 1980 supplemento
816 1901 925 1961 inserto
938 1903 1093 1974 laceravit,
1104 1903 1184 1981 quod
1197 1903 1229 1961 in
1245 1921 1327 1980 seqq.
1341 1902 1440 1961 hostes
1458 1902 1598 1963 dicuntur
1614 1904 1753 1981 πολίμεοε,
1773 1925 1838 1964 uon

231 2013 302 2053 vero
322 1993 502 2071 ἀντεπόλεμοι.
516 1995 556 2053 tr
578 1996 742 2057 Herodotus
766 2017 895 2077 quoque,
913 2019 1000 2077 quem
1020 1999 1163 2060 Eusebius
1183 1998 1347 2071 aemulatur,
1368 1996 1494 2059 vocibus
1525 1999 1646 2077 πολίμεοε
1670 2014 1699 2060 et
1726 2000 1838 2060 άντεπό-

229 2093 305 2170 λεμον
333 2093 500 2173 promiscue
527 2093 628 2153 utitur.
642 2093 752 2154 Vitium
771 2115 831 2173 quo
852 2096 934 2156 locus
959 2108 1058 2157 noster
1080 2095 1210 2170 laborat,
1226 2097 1259 2155 in
1282 2116 1356 2155 voce
1378 2094 1495 2176 εὑρίσκει
1517 2099 1595 2157 latet.
1609 2095 1623 2177 fl
1636 2096 1840 2180 -ίξαερεομά-

228 2191 285 2269 νου]
301 2188 461 2267 ίίσεουμίνου
472 2190 573 2261 codex,
585 2189 747 2270 ίξεερυμίνου
761 2191 903 2266 Diudorl,
918 2185 1012 2264 recte,
1025 2205 1114 2271 puto,
1130 2213 1220 2272 quum
1234 2192 1297 2252 haec
1311 2192 1456 2252 medicina
1467 2193 1618 2253 lenissima
1631 2195 1684 2266 sit,
1700 2197 1839 2274 quamvis

228 2288 309 2347 aliud
326 2287 410 2347 verbi
429 2287 534 2368 ίξεερόω
557 2289 723 2368 exemplum
743 2308 804 2348 non
827 2289 973 2349 noverim.
985 2286 1172 2367 Ἐκσεεομίνου
1195 2288 1273 2368 conj.
1296 2289 1459 2368 Gomperz,
1479 2310 1543 2369 quae
1566 2311 1625 2350 rox
1641 2290 1672 2352 h.
1696 2291 1840 2354 Latinus

228 2397 306 2464 apta.

267 2483 286 2561 S
304 2488 331 2555 4,
344 2501 375 2561 p.
393 2501 440 2554 aa,
456 2481 510 2539 lin.
527 2501 574 2543 aa.
588 2480 660 2540 Post
673 2500 704 2540 v.
720 2479 919 2560 μηχανημάτων
930 2479 1043 2559 aliquid
1058 2480 1201 2543 excidisse
1216 2481 1381 2559 suspicatur
1394 2482 1575 2544 Dindorlius.
1590 2482 1698 2543 Sensus
1717 2487 1836 2562 integer

227 2593 283 2656 est,
296 2579 322 2639 si
337 2599 440 2639 vocem
452 2578 512 2652 καλ,
524 2599 587 2657 quae
601 2577 761 2657 saepissime
771 2577 845 2636 male
864 2576 1034 2651 intruditur,
1048 2577 1188 2655 ejeceris,
1202 2590 1250 2635 aut
1263 2597 1317 2656 pro
1332 2578 1377 2636 καλ
1391 2578 1478 2638 πολλὰ
1492 2579 1597 2655 legeris
1611 2579 1769 2653 πάμπολλα.

265 2676 327 2753 55,
341 2676 394 2735 lin.
414 2678 461 2737 rs.
477 2680 562 2735 ταῦτα
584 2673 680 2754 τάπερ]
694 2675 757 2753 lege
772 2678 858 2765 ταῦτα
871 2673 955 2753 τάπερ
970 2672 1012 2746 δὴ.
1028 2673 1139 2733 Vocula
1152 2674 1184 2746 δν]
1201 2674 1376 2753 typographi
1393 2674 1479 2753 culpa
1493 2675 1613 2736 excidit.
1627 2676 1644 2754 ΙΙ
1655 2707 1696 2723 -
1710 2677 1763 2739 liu.
1779 2699 1835 2736 ar.

226 2769 468 2853 ίπεκόεόλημίνας]
484 2772 527 2832 sic
550 2785 627 2830 recte
645 2791 741 2831 meum
757 2770 972 2851 apographum,
994 2770 1239 2848 quemadmodum
1259 2773 1409 2851 suprasa
1430 2771 1600 2852 βεόλημίνῳ,
1616 2794 1743 2852 quorum
1762 2776 1836 2837 loco
1942 2806 1943 2813 ν

226 2867 404 2928 Wescberus
417 2867 504 2927 habet
517 2866 672 2948 κεκλημένῳ
686 2882 715 2927 et
727 2867 955 2948 ίπεκκεκλημάνῳ.
973 2867 1031 2927 Pro
1044 2869 1097 2927 illo
1111 2868 1267 2949 βεόλημίνῳ
1278 2868 1315 2926 de
1329 2867 1497 2946 conjectura
1512 2871 1643 2949 reposuit
1662 2870 1831 2952 Gompera,
1937 2874 1939 2879 ‘

227 2984 282 3043 pro
306 2964 361 3025 hoc
380 2963 599 3043 ίπεκκεκλεμίνας
620 2965 700 3044 conj.
715 2965 863 3037 Wescher,
881 2965 1090 3047 ίπεγκεκλεμίνῳ
1105 2965 1252 3044 Gomperz
1269 2977 1298 3024 et
1312 2964 1495 3026 Diodorlius.
1508 2966 1525 3044 ΙΙ
1536 2965 1642 3025 -Lin.
1665 2987 1714 3029 aa.
1734 2968 1777 3027 tut
1799 2970 1836 3029 τά

226 3062 413 3143 καμπτόμενα]
437 3062 529 3123 ίπεετα
553 3086 738 3142 καμπτομεναε
756 3063 859 3124 codex.
875 3062 887 3143 ΙΙ
901 3067 1011 3124 -κατ’
1024 3063 1084 3123 datu
1106 3060 1138 3123 dr
1161 3060 1292 3143 ἐνεχθείη]
1308 3059 1369 3121 κατ’
1382 3060 1448 3120 dcto
1468 3065 1627 3141 ανενεεχθεεη
1649 3063 1750 3137 codex,
1764 3077 1832 3125 ute

225 3160 379 3221 Wescbero
392 3163 490 3223 video.
505 3161 595 3240 Legas
605 3163 696 3239 igitur
704 3160 840 3242 ίνενχθείη.
851 3162 996 3240 Gompera
1009 3160 1066 3236 legi
1075 3159 1170 3219 voluit
1183 3156 1214 3217 dr
1229 3160 1343 3238 ίνειχθῇ.
1358 3158 1400 3215 Ac
1411 3157 1486 3215 nihil
1497 3157 1569 3216 adeo
1579 3160 1657 3235 cogit
1674 3172 1705 3217 ut
1724 3174 1832 3221 contra

226 3257 335 3319 codicis
352 3260 526 3338 scripturam
541 3259 672 3337 optativo
688 3278 754 3316 cum
769 3257 801 3316 δν
815 3258 960 3336 particula
973 3256 1180 3334 conjunctivus
1195 3254 1397 3316 substituatur.

264 3355 281 3431 S
295 3356 326 3427 6,
342 3355 396 3415 liu.
414 3355 462 3414 30.
477 3354 696 3434 αὖτοεργουσίων]
710 3353 792 3421 οὕτως
809 3350 939 3433 ίχουσίων
953 3352 1060 3424 codex;
1074 3349 1162 3418 ἱστοδς
1189 3349 1320 3430 ίχουσίων
1339 3351 1487 3430 Gomperz
1496 3394 1505 3425 ,
1522 3370 1609 3410 sensu
1628 3372 1730 3431 parum
1746 3374 1832 3412 com·

225 3449 322 3509 modo.
336 3447 351 3531 ΙΙ
364 3481 404 3496 -
419 3448 528 3530 Μηδείῳ
541 3447 637 3530 ἐλαίῳ]
652 3449 786 3528 Naphtha
808 3449 869 3507 dici
890 3460 1001 3507 constat
1022 3445 1140 3518 Μηδείας
1156 3446 1250 3508 ἔλαιον.
1264 3448 1361 3518 Quare
1381 3461 1482 3506 nostro
1496 3468 1614 3526 quoque
1631 3453 1694 3509 loco
1709 3450 1832 3523 Μηδείης

223 3566 279 3624 pro
294 3545 404 3625 Μηδείῳ
420 3548 478 3623 legi
490 3547 553 3606 vult
565 3546 744 3607 Dindoclius.
755 3545 958 3622 cogitaveram
975 3546 1012 3603 de
1024 3544 1174 3623 adjectivo
1185 3545 1314 3625 Μηδεαίῳ
1324 3588 1333 3618 ,
1342 3546 1420 3624 quod
1435 3545 1589 3604 fortnatum
1604 3546 1680 3606 loret
1688 3549 1763 3607 sicut
1776 3551 1832 3609 Με·

226 3644 334 3711 δεαῖοςα
347 3642 456 3707 Μίδεια.
467 3644 524 3703 Sed
539 3644 624 3703 nulla
631 3644 763 3703 mutandi
774 3642 940 3704 necessitas.
955 3642 1065 3712 Quidni
1084 3642 1200 3715 Μήδειον
1211 3641 1299 3702 ίλσεον
1312 3642 1420 3701 dixerit
1429 3643 1594 3702 eruditulus
1608 3659 1721 3720 auctor,
1737 3665 1832 3722 quum

223 3758 278 3819 pro
291 3741 397 3815 ibidem
410 3742 527 3802 dicatur
539 3745 624 3800 etiam
638 3739 742 3812 Μήδηί
755 3738 770 3822 Ι]
782 3737 970 3819 -χρίσαντες
988 3736 1146 3817 ίνετίθεσαν]
1158 3736 1303 3818 χρήσαντες
1314 3738 1414 3820 (συρτει
1427 3758 1486 3798 scr.
1502 3742 1534 3816 et)
1549 3739 1708 3798 ίνετείθεσαν
1722 3740 1831 3813 codex,

223 3838 301 3897 unde
315 3839 466 3919 χρείσαντες
480 3839 600 3898 retinuit
612 3836 769 3915 Gomperz.
778 3835 940 3895 Herodotus
954 3836 1064 3914 ubique
1076 3835 1144 3917 χρίω
1160 3836 1280 3896 lormam
1292 3835 1389 3910 habet,
1403 3855 1494 3914 quare
1507 3836 1595 3895 etiam
1608 3858 1639 3898 n.
1650 3838 1671 3897 l.
1685 3861 1708 3897 εε
1720 3839 1829 3898 eodeni

222 3954 325 3995 errore
338 3937 478 4015 scriptum
492 3935 580 3994 luerit
589 3954 651 4013 quo
663 3934 694 3992 iu
708 3954 738 3994 ν.
752 3930 921 3993 ἐνετείθεσαν.

263 4032 281 4110 S
297 4053 327 4106 7.
342 4031 454 4112 ίγίνετο]
471 4033 581 4110 ἐγείνατο
595 4032 687 4091 codex
701 4050 759 4090 sec.
773 4029 970 4091 Wescherum.
986 4029 1081 4106 igitur
1094 4030 1184 4090 scribi
1200 4031 1287 4090 velim
1304 4029 1412 4108 ίγίνετο.
1428 4028 1599 4088 Diudorlius
1617 4028 1745 4107 ἐγείνατο.
1760 4031 1774 4108 ss
1788 4062 1831 4081 -
1940 4030 1941 4035 ’

222 4126 276 4187 tat
287 4152 318 4208 γε
333 4128 440 4209 ὀλίγων]
458 4129 511 4190 ἀπὸ
525 4128 552 4188 dl
567 4131 591 4190 ό.
606 4129 744 4189 Diodori.
758 4127 841 4187 Haud
855 4140 948 4201 recte,
963 4128 1081 4207 opinor.
1095 4125 1110 4209 ΙΙ
1122 4159 1162 4174 -
1171 4129 1219 4188 οὗκ
1232 4127 1263 4185 δν
1278 4126 1325 4207 (ων
1347 4123 1451 4204 codex)
1466 4122 1498 4194 δή
1518 4148 1558 4193 τες
1573 4125 1682 4199 τοιαύτη
1700 4127 1827 4207 προσείη.

221 4225 269 4284 οὐκ
280 4213 317 4284 ὧν
378 4225 504 4308 προσίμεν
516 4226 675 4305 Gomperz.
691 4225 840 4284 Sententia
850 4225 949 4304 potius
960 4226 1087 4304 postulat
1100 4237 1132 4284 ut
1143 4249 1179 4282 ων
1191 4224 1361 4283 emendetur
1374 4223 1406 4282 in
1421 4222 1464 4281 ἂν.
1481 4221 1493 4302 ll
1507 4256 1546 4266 —
1557 4224 1662 4282 πολλῶν
1674 4225 1754 4305 μηχ]
1769 4225 1829 4303 leg.

220 4320 350 4396 πολλάων,
366 4326 428 4401 uts
444 4344 475 4401 9.

260 4420 277 4498 S
292 4423 321 4481 8.
337 4419 421 4500 Τάδε]
436 4421 536 4479 Codex
550 4419 661 4499 praebet
675 4419 732 4478 τόδε
747 4417 790 4496 di,
803 4418 893 4497 idque
912 4419 944 4477 in
960 4430 1040 4478 textu
1060 4417 1256 4477 exhibendum
1277 4429 1349 4477 erat.
1365 4415 1378 4499 Ι]
1395 4451 1432 4461 -
1443 4416 1590 4487 άπεσττζκεε
1603 4417 1670 4496 [καὶ]
1684 4426 1753 4477 τοῖσι
1765 4420 1826 4498 te]
1939 4482 1940 4487 1

220 4516 340 4577 Praestat
355 4538 420 4577 curn
446 4516 600 4576 Diodorlio
621 4516 718 4593 legere
737 4514 839 4589 δπίσεη
856 4514 902 4575 καλ
919 4514 987 4574 τοῖσι
1006 4515 1052 4578 ίπ.
1074 4515 1207 4574 Ceterum
1222 4535 1277 4594 pro
1293 4514 1449 4588 ἀπεστήκεε,
1461 4515 1539 4591 quod
1554 4534 1650 4574 meum
1668 4516 1825 4596 άπόγραρον

219 4615 324 4690 habet,
340 4616 512 4677 Wescherus
527 4614 638 4696 prabet
651 4604 806 4686 ίπεστήκεε.

938 4829 1103 4893 PtttsctJS.

259 5018 303 5080 Fr.
320 5042 347 5095 1,
360 5042 390 5100 p.
404 5038 440 5090 aq
461 5020 514 5081 lin.
536 5041 583 5080 τε.
599 5018 791 5099 άπηγορεδοντο
816 5016 888 5099 πόνῳ
903 5018 1037 5097 διαδοχῆς]
1053 5017 1130 5094 Lege
1146 5038 1154 5077 t
1168 5016 1331 5098 ἀπηγόρευον
1349 5018 1389 5098 τῷ
1406 5014 1478 5096 πόνῳ
1496 5014 1550 5093 [διδ
1572 5017 1603 5077 τδ
1626 5018 1667 5094 la]
1688 5017 1827 5098 διαδοχῆς.

219 5117 327 5180 Locum
342 5120 457 5178 sanarit
471 5119 612 5178 Biicheler
627 5118 659 5177 in
679 5119 784 5178 Ilbeita.
799 5119 876 5174 Mus.
895 5115 983 5194 1869,
1002 5134 1033 5193 p.
1057 5114 1249 5190 137,collato
1271 5114 1361 5174 Suida
1384 5135 1391 5172 ε
1410 5113 1630 5193 ἀπηγόρευον·
1654 5111 1826 5192 άτίκσμνον·

218 5213 426 5295 ίταλσεπόνρουν.
442 5242 455 5267 ι
470 5214 566 5275 Ἡνίκα
586 5213 638 5296 γάρ
656 5214 819 5294 ἀπηγόρευον
834 5215 871 5292 τῷ
886 5211 978 5294 πόνῳ,
990 5213 1070 5271 παλεν
1081 5210 1190 5282 ἑαυτοὺς
1201 5211 1394 5290 άνελάμόανον.

257 5310 306 5372 tr.
321 5331 349 5374 a.
363 5331 394 5391 p.
408 5312 457 5371 οὔ.
472 5310 515 5370 lul
526 5310 661 5391 Δανοίόρ]
677 5310 730 5370 llis
740 5310 935 5388 corruptelam
950 5309 1070 5370 subesse
1080 5324 1202 5390 propter
1213 5307 1336 5391 Δανοόόῳ
1345 5309 1427 5370 vocis
1442 5309 1566 5370 sormam
1578 5310 1726 5372 insolitam
1737 5309 1827 5370 etiam
1937 5378 1938 5401 γ
