3906 6034
306 482 346 540 82
732 474 932 536 CRITOBULI
953 474 1215 539 Histotttttttittt
1234 472 1307 535 LiB.
1332 475 1357 546 i,
1379 476 1478 537 37³8.
1564 472 1567 477 ’

308 635 389 690 μουν,
410 609 456 671 καί
478 608 546 686 μετὰ
567 603 722 688 δευτάρανῆ
741 607 833 686 τρίτην
848 607 948 687 ἡμέραν
970 604 1075 687 δέχεται
1129 609 1211 688 ρῦιντο
1218 609 1269 665 τῶν
1284 606 1362 678 νεῶν,
1375 604 1441 664 atti
1457 605 1555 674 ξυστοῖς
1571 604 1617 663 καλ
1631 606 1740 673 παλτοῖς
1751 607 1795 666 καλ
1808 607 1887 688 δόρασι

306 702 424 775 ξύνθημα
432 697 504 777 παρθι
517 700 563 755 τοῦ
574 694 714 776 βασιλέως,
729 693 798 763 ὅπως
811 695 898 761 καλῶς
909 717 1076 775 παρασκευα-
1131 700 1242 773 μακροῖς
1259 691 1444 763 κατηκόντιζον
1457 691 1523 759 ,τούς
1537 691 1770 773 προμαχομένους,
1785 694 1848 776 ὁρμή
1864 720 1887 755 τε

306 790 417 867 σάμενος
429 786 475 847 καί
487 783 701 862 ξυντεταγμέναις
712 787 772 850 ταῖς
784 783 860 843 ναυσὶ
870 784 1074 864 διαναυμαχήαῃ
1128 774 1161 855 ἦν
1187 781 1275 848 αὐτοῖς
1298 781 1327 839 ού
1349 781 1431 860 μικρδ
1453 781 1514 860 περί
1538 782 1569 840 τὸ
1582 780 1658 860 ἐργον
1690 783 1736 840 καί
1754 785 1887 863 προθυμία.

305 876 369 959 πράς
382 872 471 941 τετάς
484 874 596 940 ὁλκάδας
610 870 656 931 καί
664 871 711 939 τὰς
723 871 837 952 τριήρεις
849 870 895 939 τάς
903 870 1069 951 ἐφορμούσας
1129 869 1219 949 (1)οί
1241 867 1270 927 δδ
1284 867 1328 928 ἐπί
1346 870 1398 928 τῶν
1418 868 1535 927 ὁλκάδων
1563 859 1647 948 (ἦσαν
1665 867 1717 950 γδρ
1738 869 1789 943 ἤδη
1807 893 1886 951 περς.

305 969 343 1041 τῷ
356 962 470 1041 στόματι
482 966 529 1020 τοῦ
542 962 645 1037 λιμίνος
656 958 702 1019 καί
715 963 748 1038 τῇ
762 959 870 1031 ἁλύσει,
886 958 910 1016 εί
924 982 981 1026 πως
994 959 1075 1032 δυνη·
1128 955 1301 1034 σκευασμίνοι
1312 956 1377 1038 πρὸς
1389 963 1466 1017 τοῦτο
1475 957 1526 1016 ύπδ
1536 956 1706 1036 τοῦμεγαλον
1720 956 1814 1031 δουκὸς,
1826 952 1887 1032 itii

305 1052 361 1125 θείη
369 1052 412 1110 τὸν
424 1050 535 1109 ἐσπλουν
550 1047 701 1126 βιάσασθαι.
742 1045 1074 1128 (1)Ἐγνωστογδραύτῷ
1126 1046 1170 1106 ἐπὶ
1183 1044 1283 1113 τούτοις
1301 1045 1458 1123 τεταγμένος
1479 1046 1525 1103 καί
1547 1049 1596 1117 τῆς
1615 1043 1751 1116 θαλάσσης
1769 1036 1820 1125 εἶχε
1842 1046 1882 1118 τὴν

305 1139 332 1210 ἐξ
353 1139 469 1204 ἅπαντας
489 1134 587 1216 τρὸπου
600 1134 687 1194 τάντι
700 1134 795 1211 λιμίνα
810 1133 857 1193 καλ
875 1134 906 1192 τὸ
921 1132 1010 1214 Κάρας
1033 1136 1074 1213 ὑφ’
1127 1132 1280 1213 φυλακήν),
1305 1132 1351 1191 άτε
1378 1132 1422 1212 ἀρ’
1442 1135 1543 1212 ὁύγηλοῦ
1569 1131 1717 1211 μαχόμενοι
1735 1135 1779 1192 καὶ
1800 1135 1884 1196 ἀνωθεν

305 1229 391 1305 ἐαυτῷ
408 1224 583 1296 ποιήσασθαι,
609 1226 645 1290 ὁις
659 1222 691 1282 ἀν
712 1222 874 1302 πανταχόθεν
893 1221 963 1282 κατά
983 1246 1011 1282 τε
1025 1227 1074 1301 γῆν
1129 1221 1386 1301 βάλλοντεςλίθοιςτε
1394 1219 1439 1279 καί
1448 1222 1557 1287 παλτοῖς
1568 1221 1712 1301 καίδίρασι
1722 1222 1883 1293 καίάκοντίοις

305 1317 350 1375 καὶ
371 1314 505 1373 θοῦασσαν
526 1310 720 1391 προσύαλοιτῇ
739 1309 832 1370 πόλει·
851 1309 982 1387 ἐνομίζετο
1007 1309 1072 1391 γδρ,
1126 1309 1172 1368 καί
1184 1310 1300 1387 μάλιστα
1310 1307 1356 1388 ἀρ’
1365 1307 1538 1387 ὑψηλοτάτου,
1548 1309 1752 1380 τῆςτῶνίστίων
1760 1314 1883 1393 στεφάνης,

304 1403 368 1482 ὅπερ
384 1399 430 1460 καί
441 1391 492 1476 ἦν,
511 1401 547 1468 ὡς
562 1401 586 1458 εί
600 1398 646 1458 καί
659 1397 691 1458 τδ
700 1396 784 1478 ταύτῃ
807 1404 893 1477 τεῖχος
911 1396 1006 1466 ἀνοίξει
1025 1421 1075 1458 πο·
1125 1396 1293 1476 τραυματίας
1310 1418 1339 1455 τε
1354 1397 1414 1463 τοὺς
1428 1395 1541 1464 πολλούς
1560 1395 1713 1477 εἰργάζοντο
1727 1398 1772 1457 καλ
1786 1401 1884 1481 ἀνῄρουν

303 1489 390 1569 λε’μῳ,
405 1486 495 1569 ῥᾳδίαν
513 1485 546 1545 ἀν
566 1487 638 1566 αύτῷ
654 1483 702 1558 τὴν
717 1490 764 1557 τῆς
787 1483 888 1552 πόλεως
907 1482 1007 1562 αίρεσιν
1025 1507 1073 1562 γε-
1126 1487 1176 1545 ούκ
1190 1486 1308 1563 ὀλίγους,
1320 1482 1401 1543 ἐτιδί
1419 1484 1553 1565 ἀμρορίας
1574 1486 1704 1564 μεγάλως
1721 1487 1823 1566 πλήρεις
1834 1488 1884 1548 tti-

304 1576 408 1650 νίσθαι,
428 1577 475 1635 ούκ
502 1573 678 1653 ἐξαρκούντων
693 1576 745 1632 τῶν
770 1571 981 1652 προμαχομένων
1009 1572 1074 1651 πρὸς
1127 1597 1179 1632 των
1206 1571 1415 1652 ίκκριμαμίνους
1444 1574 1491 1632 καὶ
1519 1571 1604 1640 λίθους
1632 1576 1740 1654 βαρεῖς,
1773 1575 1883 1656 σχοινίοις

304 1664 393 1724 πάντα
415 1662 460 1721 τδν
479 1660 618 1741 περίθολον
632 1658 836 1741 ὀλιγανθρωπίορ,
858 1658 981 1739 μίγιστον
997 1658 1069 1722 ὁντα.
1126 1661 1307 1739 ἐκδεδεμίνους
1320 1659 1430 1736 ἀνωθεν,
1444 1659 1603 1728 ἀπολύοντες
1612 1663 1740 1742 μεγίστην
1754 1663 1882 1744 εἰργάζοντο

303 1754 336 1829 (a)
351 1750 510 1829 Παλτάγλης
523 1748 551 1807 δά
569 1747 616 1815 τάς
629 1771 658 1807 τε
675 1753 738 1814 ναῦς
759 1746 863 1813 άπάσας
883 1747 929 1807 καλ
949 1745 1009 1815 τούς
1029 1747 1072 1806 ἐπ’
1127 1748 1250 1827 βλάύην·
1292 1749 1331 1829 (ο)
1346 1747 1482 1829 φιλοτιμία
1501 1772 1530 1808 τε
1551 1740 1584 1821 ἦν
1605 1748 1762 1829 ἀμροτάροις
1782 1751 1879 1827 μεγίστη

304 1843 395 1905 αὐταῖς
409 1836 542 1918 μαχίμους
556 1835 652 1914 ἀνδρας
665 1835 773 1905 ἐκτάξας
785 1859 814 1894 τε
830 1834 877 1894 καί
892 1833 1004 1904 ὁπλίσας
1020 1858 1072 1894 κα·
1125 1836 1173 1897 καὶ
1194 1835 1311 1908 σπουδὴ,
1332 1840 1385 1896 τῶν
1403 1834 1450 1912 μίν
1472 1838 1651 1917 ὁπερτερῆσαι
1669 1836 1826 1916 βουλομίνοιν
1844 1837 1881 1896 καὶ

302 1931 370 1998 λῦς,
388 1927 494 1987 ἐπιπλεῖ
513 1934 571 1994 ταῖς
588 1925 682 1985 ὁλκάσι
704 1925 750 1985 καί
768 1930 801 2004 τῇ
821 1924 913 1985 titan
936 1925 983 1994 ξύν
1003 1928 1072 2004 ὁρμῇ
1124 1925 1168 1985 τδν
1182 1924 1293 1985 ίσσλουν
1308 1924 1460 2005 βιάσασθαι,
1471 1929 1524 1984 τῶν
1539 1924 1567 1984 δδ
1577 1929 1665 1994 καλῶς
1678 1949 1707 1986 τε
1719 1925 1880 2005 ἀγωνίσασθαι

302 2016 388 2094 πολλῇ
402 2013 448 2074 καὶ
459 2016 534 2092 θυμῷ
548 2012 594 2072 καὶ
604 2011 689 2093 ῥύμῃ,
700 2011 740 2071 ἔτι
753 2011 780 2070 δὲ
791 2016 842 2094 βοῇ
851 2011 898 2070 καλ
912 2012 1071 2091 ἀλαλαγμῷ.
1125 2014 1171 2073 καὶ
1190 2013 1303 2096 ρυλάξαι
1320 2013 1364 2072 τὸν
1381 2036 1409 2072 τε
1422 2013 1517 2091 λιμένα
1537 2014 1646 2083 καὶτὰς
1668 2018 1730 2082 ναῦς
1741 2014 1784 2073 καὶ
1805 2011 1881 2071 ἀποίν-

303 2103 359 2163 Καὶ
368 2105 460 2182 πρῶτα
470 2102 517 2179 μίν
526 2100 618 2179 μικρὸν
628 2098 858 2179 ἀνακωχεύσαντες
868 2099 916 2167 τάς
925 2105 995 2171 ναῦς,
1011 2099 1070 2160 ὅσον
1126 2108 1222 2162 σασθαι
1234 2102 1354 2168 τούτους·
1366 2099 1440 2169 τίλος
1459 2105 1483 2162 οἱ
1497 2101 1606 2162 ἐπὶτῶν
1626 2102 1745 2163 ὁλκάδων
1761 2101 1880 2180 εύρύστυκ

303 2188 374 2257 ἐντὸς
388 2189 478 2270 βάλοις
487 2179 567 2266 εἶναι,
576 2187 777 2268 ἀκροὸολνσμοῖι
785 2185 932 2266 ἐχρήσαντο
939 2185 1072 2267 πόρρωθεν
1126 2188 1273 2270 μαχόμενοι
1293 2188 1404 2270 ἐτρεψάν
1419 2215 1448 2249 τε
1468 2191 1574 2258 τούτους
1588 2191 1636 2250 καὶ
1657 2190 1819 2263 ἀπεώσαντο,
1836 2187 1879 2246 ἀι-

303 2278 350 2336 καὶ
359 2277 479 2357 πείραις,
491 2274 631 2354 βάλλοντες
646 2274 692 2333 καί
711 2273 870 2354 βαλλόμενοι
887 2272 1030 2352 τοξεύμασί
1043 2298 1071 2333 τε
1125 2278 1182 2356 δρες
1194 2276 1286 2354 ἀγαθοί
1295 2276 1429 2355 γενόμενοι
1442 2276 1485 2335 διδ
1496 2277 1597 2345 τελους.

302 2367 348 2425 καί
362 2365 441 2433 λίθοις
453 2371 507 2431 τοῖς
520 2362 573 2422 ἀπὸ
585 2365 638 2422 τῶν
655 2365 782 2441 μηχανῶν
796 2362 963 2443 ἀραμένοις,
976 2362 1068 2420 ἐπειτα
1164 2363 1321 2422 xxxvltl.
1337 2362 1465 2431 Βασιλεύς
1478 2364 1506 2423 di
1519 2364 1689 2446 Μεχίμετις,
1700 2362 1786 2435 ἐπειδὴ
1798 2362 1881 2432 ταύτης

304 2455 389 2533 πολλῇ
402 2457 436 2533 τῇ
450 2450 521 2533 ῥύμῃ
536 2449 629 2527 μέσαις
645 2448 773 2526 ἐμάάλλει
789 2453 846 2517 ταῖς
865 2450 974 2508 ὁλκάσι·
988 2448 1034 2508 καί
1047 2452 1071 2508 οἱ
1124 2454 1171 2521 τῆς
1197 2451 1346 2531 προσύολῆς
1370 2452 1553 2531 ἀπεκρούσθη,
1581 2452 1648 2531 πρὸς
1670 2455 1753 2534 ἕτερον
1775 2451 1879 2528 μηχανῆς

302 2542 347 2602 ἐπὶ
366 2544 418 2600 τῶν
444 2539 676 2620 καταστρωμάτων
697 2541 803 2597 ὁπλῖται
823 2536 895 2604 εύθθς
912 2540 936 2596 oi
951 2537 999 2613 μδν
1017 2542 1070 2616 πῦρ
1124 2529 1190 2606 εἶδος
1203 2548 1297 2619 χωρεῖ,
1311 2540 1357 2599 καὶ
1374 2539 1536 2619 ξυγκαλέσας
1555 2540 1615 2609 τούς
1633 2535 1831 2621 μηχανοποιούς,
1843 2533 1878 2592 εί-

302 2631 427 2712 ἐπίρερον
440 2638 497 2697 ταῖς
507 2628 614 2708 χερσὶν,
627 2627 751 2687 ἀνάπτειν
769 2626 946 2702 διανοούμενοι
959 2623 1069 2695 ταύτας,
1126 2649 1199 2704 ριτο,
1213 2626 1238 2685 εί
1250 2651 1281 2706 γε
1295 2627 1403 2687 δυνατδν
1417 2626 1463 2696 τὰς
1477 2628 1644 2709 ἐφορμούσας
1666 2633 1702 2709 τῷ
1721 2626 1825 2702 στόματι
1840 2626 1877 2680 τοῦ

302 2722 326 2778 οἱ
338 2720 365 2778 δὲ
381 2718 522 2799 πυρφόροις
543 2719 638 2783 ὀϊστοῖς
649 2715 778 2786 ίύαλλον,
794 2713 869 2775 ditor
885 2710 913 2772 di
931 2711 977 2779 τδς
991 2712 1070 2793 σχοί-
1124 2714 1229 2792 λιμένος
1250 2715 1364 2783 ὁλκάδας
1384 2725 1438 2782 τοῖς
1457 2717 1510 2775 ἀπὸ
1530 2721 1582 2776 τῶν
1606 2719 1733 2797 μηχανῶν
1751 2711 1879 2793 spasmon

301 2830 359 2874 νους
369 2809 420 2865 τῶν
435 2807 553 2885 ἀγκυρῶν
570 2801 724 2880 ὁποσίμνειν
737 2805 893 2882 ἐπειρῶντο,
909 2801 933 2859 οἱ
944 2798 972 2858 δὲ
989 2804 1070 2879 ἀναρ·
1123 2803 1204 2872 λίθοις
1228 2805 1306 2863 αὐτοῦ
1325 2826 1377 2863 που
1400 2808 1540 2885 συντρῖψαι
1553 2805 1599 2863 καί
1617 2806 1773 2864 καταδῦσαι.
1811 2796 1876 2861 Oiii

303 2893 442 2976 ριχύιμενοι
464 2892 590 2973 ἀγκύραις
608 2891 654 2950 καί
677 2889 799 2968 κλίμαξιν
824 2887 968 2947 ἐπιύαίνειν
997 2891 1071 2948 ἐπτι-
1123 2890 1188 2970 πρδς
1202 2895 1280 2950 τοῦτο
1302 2890 1434 2959 ἀδυνάτως
1455 2891 1524 2972 ἔχειν
1546 2891 1668 2972 ἔφασαν,
1681 2893 1878 2970 ἐπιπροσθοῦντα

300 3106 511 3171 gnam-navatem,
527 3117 583 3169 quae
594 3118 616 3152 c.
628 3105 699 3155 8941
714 3103 837 3163 narratur,
853 3113 933 3163 neque
941 3103 1027 3164 postea
1040 3099 1199 3151 commissum
1209 3114 1263 3152 essa
1272 3114 1374 3152 censeo:
1385 3115 1443 3152 nam
1459 3102 1525 3152 uuila
1534 3102 1589 3165 eius
1602 3103 1698 3154 mentio
1711 3098 1806 3164 utapro
1818 3096 1876 3147 tiron·

302 3180 370 3229 ianm
383 3176 530 3233 Barbarum,
541 3175 583 3238 qui
592 3175 644 3238 ipse
656 3176 715 3223 tuno
727 3173 752 3222 iu
761 3185 822 3222 aare
834 3175 927 3221 Veneta
936 3172 999 3223 iuter
1011 3175 1098 3234 portus
1110 3170 1252 3223 defensores
1261 3187 1370 3237 praesens
1386 3177 1449 3233 erat,
1463 3175 1490 3224 et
1498 3187 1556 3238 quta
1566 3173 1670 3238 siugulis
1681 3173 1763 3224 dietas
1774 3169 1804 3220 ibi
1818 3169 1878 3231 gesti

302 3248 353 3297 sint
362 3246 489 3309 diligenter
503 3244 621 3294 enotavit.
635 3245 724 3292 Narrat
732 3242 857 3292 Barbarus
866 3241 925 3292 Maii
938 3240 978 3291 die
988 3242 1045 3291 xvi
1057 3244 1083 3293 et
1095 3241 1186 3292 iterum
1194 3243 1235 3294 die
1248 3246 1316 3295 xvii
1331 3257 1405 3294 naves
1418 3247 1553 3294 Turdorum
1565 3246 1697 3296 nonnullas
1705 3254 1784 3294 renus
1792 3241 1877 3303 portum

302 3319 399 3377 νοτίαν,
413 3313 458 3365 sed
468 3313 629 3378 post·.miaaos
639 3313 732 3375 aliquot
748 3325 763 3362 e
775 3311 907 3375 ionpnquo
918 3310 1012 3375 lapides
1024 3325 1082 3361 mox
1095 3325 1206 3363 reversas
1220 3327 1288 3375 esse,
1306 3313 1406 3364 taudem
1420 3327 1480 3364 raro
1492 3313 1532 3364 die
1548 3315 1605 3365 xxi
1620 3318 1700 3366 toturn
1713 3313 1805 3363 classem
1817 3321 1830 3357 ii
1844 3319 1876 3355 rt·

183 3398 188 3407 ·
302 3386 372 3450 poue
385 3387 471 3448 portus
483 3382 625 3449 apparuisse
636 3382 800 3446 quasiprniio
813 3384 973 3442 certaturum,
985 3384 1012 3432 at
1024 3383 1196 3446 huncquoque
1208 3384 1290 3435 subito
1302 3387 1328 3434 et
1340 3385 1432 3450 absque
1448 3398 1535 3450 pugnus
1549 3386 1663 3451 periculo
1678 3388 1757 3437 suetas
1774 3378 1878 3430 sutores

305 3453 441 3519 repetiisse.
455 3455 515 3504 iter
526 3466 610 3503 ansam
620 3451 726 3516 fingendi
736 3451 814 3515 proelii
827 3451 922 3501 uusado
933 3450 1061 3501 critobulo
1071 3452 1206 3516 prebuisse
1220 3454 1344 3503 videntur.

332 3526 348 3589 §
359 3529 385 3575 a.
402 3526 479 3575 Ὅσον
488 3524 551 3581 ἐντθς
562 3525 642 3588 βελους
649 3522 719 3587 εῖναι]
733 3524 793 3573 iiten
804 3522 873 3572 addit
883 3521 995 3586 inunguit
1009 3551 1037 3564 -
1046 3522 1169 3588 ἀγκυρῶν]
1177 3525 1283 3588 ἀγγυρῶν
1292 3528 1382 3575 eimox
1395 3526 1506 3589 δγγύραις
1515 3525 1602 3575 codex.
1613 3554 1644 3564 -
1658 3526 1668 3592 ΙΙ
1678 3527 1693 3590 §
1704 3530 1727 3576 d.
1740 3527 1780 3573 τοῦ
1788 3517 1879 3583 μεγάλαν

301 3593 397 3659 munta]
407 3594 446 3644 1.ο
455 3597 529 3643 Luose
539 3592 793 3643 Notursa.Leouardus
805 3604 830 3655 p.
841 3595 886 3641 dtu
897 3612 904 3640 :
915 3591 1041 3643 vitriaco
1051 3592 1288 3658 (ἰ.α.1(ὺρλουιιι1ς)
1298 3606 1368 3645 cura
1381 3598 1473 3658 portus
1489 3596 1619 3659 totiusque
1634 3598 1745 3660 repionia
1754 3590 1877 3643 maritima

301 3663 473 3729 indipiiaiiut.
490 3663 623 3713 Pursntzea
629 3676 658 3727 p.
670 3665 723 3722 254,
738 3666 766 3710 to
779 3681 786 3710 ·.
798 3663 828 3710 ‘0
839 3661 864 3710 di
878 3662 950 3724 μίγας
959 3662 1011 3718 doit
1023 3666 1117 3719 Λουκᾶς
1127 3665 1140 3712 θ
1151 3666 1257 3724 ituraei<
1264 3669 1313 3720 τοῖς
1325 3667 1405 3728 μίρεσι
1415 3670 1457 3715 τοῦ
1470 3665 1570 3729 Πετρίου
1579 3664 1774 3729 (Petu-inpuro
1786 3658 1817 3712 ad
1828 3668 1876 3721 ptr·

301 3734 372 3799 tum)
381 3735 422 3784 καὶ
433 3736 476 3790 tu:
486 3738 527 3792 τῆς
537 3733 611 3791 πύλης
622 3738 663 3791 τῆς
676 3731 744 3794 ἁγίας
756 3730 886 3787 θιοδοσίας
899 3730 1212 3795 (adornarunt-topatus
1221 3732 1247 3796 t)
1263 3732 1400 3783 custodiam
1415 3733 1528 3784 habebut.
1545 3733 1556 3797 ii
1571 3760 1603 3771 -
1611 3735 1651 3799 §5
1664 3737 1702 3785 ini
1713 3739 1758 3783 τῶν
1771 3720 1876 3785 ὁλκάδων]

302 3806 350 3856 ἀπὸ
361 3822 383 3855 τ.
394 3807 416 3855 δ.
430 3817 505 3868 supra
516 3802 645 3867 seriptum.

332 3876 464 3925 xxxviii.
481 3876 542 3931 Qun
562 3871 609 3921 hoo
631 3870 712 3935 oapits
733 3873 873 3930 narrantur,
889 3873 915 3920 et
930 3883 983 3934 esp.
1001 3874 1040 3933 ³9,
1058 3876 1067 3920 1
1085 3871 1166 3922 tribus
1176 3874 1217 3922 rei
1235 3874 1354 3935 quattuor
1364 3872 1451 3923 diebus
1462 3874 1519 3923 ante
1530 3872 1644 3936 pretinm
1659 3873 1744 3924 navaie
1758 3870 1820 3934 getii
1830 3875 1877 3915 0⁸⁵0

301 3944 424 4005 dicuntur,
436 3946 495 4007 post
507 3944 581 4005 caput
593 3944 624 3991 44
637 3941 750 4005 ponenda
762 3942 844 4001 eruut3
855 3954 911 3991 nam
922 3941 1008 3991 navaie
1018 3942 1134 4005 prtaiium
1146 3942 1178 4007 (o.
1191 3944 1277 4006 :itt-M)
1285 3943 1378 3994 editum
1394 3946 1432 3993 eat
1446 3942 1534 4005 Aprilis
1546 3942 1587 3994 die
1600 3947 1652 4005 xx,
1664 3956 1738 3994 naves
1747 3953 1788 4005 per
1798 3941 1875 3988 tanam

301 4014 451 4065 ἐτεπεθιιοθω
464 4013 504 4064 die
516 4014 596 4071 xxti,
606 4011 694 4064 deinde
703 4010 778 4061 Turni
790 4011 822 4061 de
830 4009 891 4062 oolie
901 4012 1012 4062 Gaiutim
1025 4026 1099 4063 naves
1113 4012 1221 4063 hostium
1231 4012 1371 4064 bombardis
1384 4012 1530 4064 infestarunt
1544 4013 1603 4065 Maii
1623 4014 1664 4064 die
1681 4018 1712 4065 V.
1725 4013 1761 4062 ste
1771 4007 1879 4061 Barbam

301 4087 411 4147 tempora
434 4083 543 4143 notarit,
562 4081 714 4146 eandemque
736 4095 818 4132 rerum
838 4081 927 4133 seriem
939 4082 1017 4133 habes
1030 4083 1097 4147 apud
1118 4083 1263 4135 Pirrautaem
1278 4099 1302 4149 p.
1324 4087 1379 4134 247.
1397 4089 1451 4134 25¹.
1471 4087 1525 4135 157,
1540 4084 1618 4147 Aliter
1635 4099 1687 4136 rem
1706 4080 1823 4134 adornavit
1835 4080 1873 4126 Pu·

302 4154 399 4214 aculus,
413 4155 456 4217 qut
464 4153 572 4218 primum
585 4151 715 4216 descripsit
724 4149 838 4216 proelium
851 4153 937 4203 navaie
945 4190 953 4216 ,
962 4152 1051 4203 deinde
1061 4151 1093 4203 de
1107 4152 1246 4205 bombardis
1254 4154 1279 4203 iu
1288 4154 1350 4205 cotie
1359 4154 1470 4204 Guiatino
1479 4154 1573 4218 positio,
1582 4155 1657 4207 tertio
1665 4154 1717 4205 loon
1728 4153 1758 4203 ds
1769 4154 1876 4210 transpu-

301 4224 361 4280 tatia
372 4224 476 4275 nantas
487 4223 563 4284 dixit3
576 4223 647 4274 aliter
663 4223 768 4286 deniqne
783 4223 924 4274 Lsouardus
934 4237 958 4287 p.
970 4228 1010 4275 321
1026 4237 1091 4287 sqq„
1099 4224 1141 4288 qui
1149 4226 1228 4290 primo
1237 4226 1293 4276 loco
1306 4226 1337 4275 do
1348 4225 1452 4275 ιισιίθιιιι
1466 4238 1510 4290 per
1525 4227 1612 4276 ooiiern
1624 4223 1780 4281 musenim
1790 4224 1838 4272 tum
1850 4214 1876 4264 ⁶⁰

301 4293 382 4344 navali
390 4307 479 4358 pugna,
486 4297 512 4344 et
520 4293 636 4358 posthac
646 4293 679 4344 de
689 4292 829 4345 bombardis
838 4294 956 4345 Galatiuis
964 4295 1092 4359 esposuit,
1099 4308 1205 4358 quamn
1215 4298 1297 4346 Ducas
1308 4299 1334 4346 st
1345 4294 1552 4359 chaiuoooudptas
1558 4296 1658 4347 omnino
1667 4309 1714 4365 pou
1722 4287 1874 4344 memineriti-

301 4364 420 4419 Proeltum
434 4363 520 4416 navale
532 4367 615 4415 Duoas
628 4380 653 4430 p.
666 4368 720 4425 271,
736 4365 927 4427 utPhrantzes,
943 4365 1081 4429 Burburus,
1097 4367 1240 4417 Critobulus
1258 4370 1283 4418 et
1301 4366 1435 4427 Pusaulus,
1450 4368 1511 4418 unte
1531 4367 1632 4418 uarium
1652 4361 1876 4429 transportatiouamt

301 4435 508 4500 utstcoonudytas
522 4449 589 4498 vero,
607 4450 631 4500 p.
649 4439 764 4499 adiuti,
784 4437 982 4497 dissonamus,
992 4440 1054 4501 post
1067 4438 1260 4488 eumcoiiooaut.
1843 4495 1850 4507 ,

331 4506 434 4570 §tasin
441 4505 623 4569 μηχανοποιούς]
629 4506 926 4562 secundumLeonardum
934 4519 959 4570 p.
965 4511 1011 4558 313
1019 4509 1080 4561 tuno
1090 4521 1188 4570 quoquo
1196 4520 1240 4557 rex
1251 4520 1325 4571 opera
1333 4506 1535 4558 ususeatOrbani
1540 4505 1725 4572 fluugariquia
1737 4498 1876 4554 conemini

300 4576 333 4628 ad
349 4577 526 4628 nienhemetem
539 4576 668 4627 nandsrat
686 4580 712 4628 et
723 4577 876 4641 sunanpott
889 4591 1002 4642 magnam
1014 4578 1087 4628 iotam
1097 4577 1255 4628 bombardarn
1266 4578 1371 4638 fuderat,
1386 4576 1457 4640 ouius
1474 4578 1610 4643 rumpentia
1620 4577 1736 4642 fragmine
1750 4569 1876 4624 nennius

301 4660 355 4699 esse
368 4648 571 4699 precautionibus
577 4648 1005 4713 hundetsperutoaturpuamqurn
1015 4662 1045 4701 ea
1057 4649 1121 4699 tama
1135 4663 1183 4699 uon
1195 4650 1281 4700 nititur
1292 4649 1339 4699 uisi
1348 4649 1408 4700 tiisa
1418 4650 1530 4700 verdone
1539 4650 1613 4700 letina
1623 4648 1752 4700 verborum
1763 4641 1874 4694 Putitii·i

301 4721 384 4783 pauo
401 4719 462 4783 (rid.
482 4723 534 4770 not.
550 4719 582 4770 ad
603 4732 656 4784 cap.
676 4719 1143 4785 29).copitoottttoqoe,1.eonardus
1164 4720 1256 4783 moult,
1274 4721 1334 4770 odio
1354 4733 1478 4771 σοοσιιτιιι
1500 4723 1529 4770 in
1542 4731 1637 4780 παοσι,
1653 4730 1687 4769 σα
1707 4715 1770 4767 coiis
1790 4706 1877 4764 damin*

302 4792 426 4844 orientali
440 4795 522 4855 propa
533 4792 576 4842 uel
593 4805 638 4842 σοι
654 4790 789 4855 lapididus
805 4790 995 4843 ametistorum
1016 4789 1128 4842 ebrum
1143 4790 1186 4842 uei
1198 4805 1216 4842 u
1228 4793 1325 4842 cotenu
1342 4791 1475 4855 repetiere.
1489 4792 1627 4855 Dispositis
1645 4790 1734 4853 itapus
1749 4787 1774 4835 et
1786 4793 1816 4832 τα
1827 4780 1875 4854 rus

302 4860 460 4916 occidentali
467 4861 626 4925 oomoaruts,
631 4864 732 4924 aotopit
737 4863 809 4913 omni
818 4864 938 4913 nouitate
950 4858 1059 4926 artificis
1064 4873 1145 4912 noves
1152 4860 1326 4926 νομίσματα...
1337 4863 1430 4925 ttopue
1442 4862 1555 4926 artilex,
1564 4863 1607 4912 cui
1616 4860 1731 4923 provisio
1740 4852 1827 4916 iiiiii
1832 4842 1879 4910 {ast

302 4944 336 4981 οσ
346 4934 456 4995 ποθεῖν,
472 4934 508 4984 od
525 4934 636 4983 Teucros
646 4934 771 4984 ταθιιοθιισ
784 4935 883 4998 quanto
889 4935 993 4997 tepente
1004 4934 1104 4999 potuit,
1118 4945 1199 4983 τισοστ
1210 4932 1333 4998 (roupere
1343 4930 1456 4983 studuit.
1471 4933 1482 4996 i
1496 4961 1523 4969 -
1534 4932 1550 4995 §
1563 4938 1587 4982 1.
1599 4931 1755 4995 παραλλάξασι
1763 4924 1788 4973 τὸ
1798 4910 1875 5002 qiam]

302 5005 332 5052 in
348 5003 457 5069 mmpinu
471 5003 620 5056 adssnmtur
633 5006 808 5069 μιταματίαασι
828 5005 961 5068 (δοθείιοίι
978 5004 1218 5068 μετασχηματίσασι).
1229 5003 1240 5068 ΙΙ
1255 5034 1280 5042 -
1301 5007 1413 5067 σταθμοῖς
1424 5003 1544 5067 πρότερον]
1561 5020 1600 5069 πρ.
1614 5001 1641 5051 in
1651 5000 1757 5063 margine
1767 4992 1872 5047 additum·

304 5072 386 5128 Otieti
399 5074 531 5139 seriptmas
545 5087 636 5125 ιιονιιιυ
650 5074 793 5126 bombardae
801 5088 879 5140 genus
888 5078 947 5125 tune
956 5074 1104 5125 tabncatum
1116 5078 1192 5138 atque
1200 5074 1339 5126 adhibitum
1350 5087 1406 5125 esse
1418 5087 1467 5123 nou
1475 5073 1675 5123 commemorant.
1688 5072 1764 5118 tinum
1777 5074 1805 5113 ex
1816 5059 1875 5108 biiii·

304 5139 389 5195 battis
396 5142 445 5193 iilis
458 5144 554 5211 lapides
564 5145 655 5209 lesisse
662 5151 708 5197 tuo
718 5144 836 5197 librarum
849 5145 910 5196 dicit
920 5145 1042 5196 Burburus
1050 5158 1075 5208 p.
1085 5149 1125 5195 35.
1135 5147 1253 5196 ceterum
1265 5143 1298 5196 de
1307 5144 1432 5195 mortariis
1446 5158 1461 5194 e
1472 5139 1622 5194 iteahemete
1630 5139 1735 5191 inventia
1747 5134 1802 5187 diott
1813 5125 1879 5211 oiim

304 5209 510 5277 ctdmnnuytas
519 5228 546 5276 p.
559 5217 615 5278 itti,
629 5214 673 5265 oiri
691 5215 723 5267 de
744 5215 896 5268 ltovoberdae
916 5215 1042 5266 obsidione
1054 5215 1103 5280 (an.
1121 5214 1191 5279 1455)
1203 5227 1284 5266 sermo
1299 5217 1338 5266 eat
1353 5231 1359 5263 :
1373 5213 1517 5279 Ὲτολιέρκιι
1528 5216 1571 5273 ’.ἢν
1585 5202 1877 5270 adinvenientium

304 5279 396 5343 βάλλων
409 5282 440 5332 τδ
456 5282 519 5340 ἐντὸς
530 5289 572 5345 τῆς
589 5284 693 5343 πόλεως·
706 5285 813 5351 ἐξεύρητο
830 5287 856 5338 tt
873 5290 908 5350 τῷ
932 5287 1027 5351 βασιλεῖ
1039 5289 1055 5345 ἡ
1068 5290 1115 5336 τῶν
1127 5285 1259 5345 mittitur
1277 5285 1365 5336 ύπτίων
1377 5286 1520 5348 κατασκευή,
1534 5286 1582 5336 eit.
1596 5348 1600 5357 .
