3842 6036
279 459 337 518 108

275 587 390 647 Ἀλανῶν
412 582 556 662 ληστρικθς
581 586 644 647 ναῦς
664 579 843 658 καταιρούσας
867 581 966 649 αὐτοῦ,
1002 576 1048 635 καί

280 674 354 735 αύτοί
368 673 458 752 ἑτέρας
471 674 689 749 ἀντιπληροῦντες
702 668 813 728 ἐκάκουν
830 676 920 727 πᾶσαν
934 665 982 739 τὴν
995 688 1048 725 πα·

279 766 371 842 ραλίαν
389 766 436 821 τοῦ
450 760 599 841 ,βασιλέωςο
616 757 668 824 Ὦς
683 759 710 816 δέ
729 757 775 815 καί
794 759 817 815 σί
839 755 950 828 Νάξιοι,
972 753 1049 836 δεχό-

278 873 351 928 μενοι
370 851 416 909 καί
440 847 515 908 aizal
537 846 585 913 τίς
606 845 746 925 κατάρσεις
770 847 822 902 τῶν
845 848 975 922 πειρατῶν
1002 840 1049 902 καί

275 936 433 1015 παρέχοντες
447 933 549 1001 τούτοις
562 933 677 1005 σιτήσεις
697 954 725 990 τι
743 930 790 992 καί
805 930 839 992 τά
854 930 922 990 ἀλλα
935 929 969 989 τά
982 929 1048 1008 πρὸς

277 1023 325 1095 τὴν
340 1024 453 1105 χρείαν,
467 1023 598 1083 ίύλαπτον
610 1022 656 1080 καί
669 1020 743 1080 αῦτοί
756 1022 803 1078 ούκ
818 1020 895 1097 ὀλίγα
908 1017 957 1091 τήν
975 1022 1051 1096 βασι-

276 1112 350 1179 λέως.
364 1110 429 1173 Ἐπί
444 1108 545 1177 τούτοις
561 1098 605 1168 σύν
616 1108 659 1167 τὸν
672 1106 762 1168 στόλον
777 1105 930 1189 ἐξέπεμψεν.

318 1201 364 1260 lv.
380 1198 508 1272 Ἰονούζης
521 1197 549 1257 δὲ
562 1194 705 1276 πληρώσας
717 1194 878 1273 ἀγδοήκοντα
889 1200 952 1262 ναῦς
965 1218 1047 1275 στρα-

276 1286 400 1355 τιώτιδας
419 1287 464 1346 καί
482 1285 594 1352 ὁπλίσας
607 1287 711 1356 καλῶς,
734 1284 780 1343 καί
802 1283 892 1363 ἐτέρας
914 1307 1049 1361 σκευαγω·

276 1372 338 1450 γοδς
352 1375 399 1432 ούκ
412 1373 504 1450 δλίγας
516 1372 562 1433 καί
576 1371 703 1452 φερούσας
719 1370 767 1438 τδις
783 1369 916 1448 μηχανὰς,
931 1369 1051 1448 ἀναχθείς

278 1462 331 1521 ἀπὸ
353 1461 572 1528 Καλλιουπολεως
593 1460 667 1520 ἔπλει
689 1457 732 1518 διά
759 1464 804 1517 τοῦ
824 1458 1050 1530 Ἑλλησποντικοῦ

276 1553 394 1628 πορθμοῦ
412 1547 472 1607 εὐθὺ
490 1551 542 1607 τῶν
563 1549 788 1624 Λίγοσποταμῶν,
808 1544 854 1605 καί
878 1543 1050 1625 παραμείψας

277 1636 381 1708 Σηστόν
401 1659 429 1695 τε
444 1635 490 1695 καί
507 1634 618 1695 ’λῦυδον
641 1636 687 1695 καί
705 1634 751 1700 τίς
772 1632 937 1711 καλουμένας
965 1633 1049 1699 Κυνὸς

276 1723 407 1804 κεφαλάς,
422 1723 521 1803 γίνεται
534 1721 604 1782 κατά
624 1722 672 1793 τὴν
686 1720 834 1803 Δαρδανίαν
852 1719 917 1800 πρὸς
936 1725 974 1800 τῷ
991 1720 1051 1784 στύ-

278 1835 343 1884 ματι
356 1816 402 1871 τοῦ
424 1815 558 1891 πορθμοῦ·
577 1808 767 1889 παραπλεύσας
790 1809 817 1869 δέ
833 1807 864 1868 τό
878 1832 908 1868 τε
923 1808 1009 1869 Ῥοῖον
1021 1808 1051 1867 τδ

276 1898 396 1979 Τρωικὸν
410 1899 456 1957 καί
470 1899 500 1957 τὸ
518 1898 659 1977 Ἀχιλλέως
670 1903 745 1974 σῆμα
756 1897 878 1977 κατήχθη
895 1901 920 1964 ές
928 1896 1051 1958 Τένεδον·

278 1988 311 2065 (ν)
326 1987 462 2063 ἐπιμείνας
478 1986 505 2045 δί
521 1987 605 2067 ταύτῃ
627 1984 673 2045 δύο
685 1984 786 2066 ἡμέρας
800 1985 846 2044 καί
862 1984 1052 2064 ύδρευσάμενος

280 2076 323 2144 ιάς
337 2097 365 2134 τε
386 2079 450 2141 ναῦς
480 2072 586 2142 ἁπάσας
605 2072 756 2152 ξυναγαγὼν
774 2073 917 2154 (ὑστέριζον
939 2071 990 2152 γάρ
1012 2071 1053 2149 eg

277 2161 378 2222 τούτων
394 2148 476 2237 ένίαι,
491 2163 560 2223 κατίι
579 2162 627 2233 τὴν
641 2161 724 2241 ταύτῃ
739 2160 871 2241 παραλίαν
886 2160 974 2240 ε’ρέτσς
987 2159 1051 2229 ξολ·

279 2252 433 2327 λέγουσαι),
447 2250 538 2318 νυκτὸς
559 2249 639 2329 άρας,
666 2247 711 2307 ίνα
732 2249 769 2326 μὴ
799 2248 926 2316 ἔκπυστος
945 2249 1053 2327 γένηται

279 2336 376 2405 διαθείς
392 2336 529 2415 (ἐύοόλετο
541 2338 593 2418 γὰρ
606 2335 744 2396 λανθάνειν
754 2340 791 2405 ὡς
802 2334 835 2395 τά
849 2336 964 2414 πολλάί,
979 2336 1053 2395 έπλει

277 2426 308 2484 τδ
327 2429 438 2503 Αίγαίον
447 2471 457 2499 ,
472 2426 499 2484 ἐν
514 2424 584 2505 δεξιᾷ
598 2424 646 2503 μίν
658 2423 726 2503 έχων
741 2425 788 2491 τὰς
803 2424 934 2491 Κυανίδας
956 2423 1051 2495 νήσους

277 2511 1050 2595 κατδιπρύμναν,ένάριστιρᾷδίτήνΛέσύονκατδιπρῶραν.

280 2604 312 2681 (el
338 2601 436 2682 Αίφνης
456 2600 484 2660 δί
502 2603 614 2682 σφοδροῦ
635 2600 843 2683 καταρραγέντος
860 2605 989 2681 χειμῶνος
1006 2600 1051 2659 καί

278 2690 407 2757 κλύδωνος
422 2688 489 2766 μιτά
500 2687 606 2770 λάῦρων
615 2691 697 2748 ὑετῶν
709 2689 754 2747 καί
767 2691 907 2770 ἀστραπῶν
922 2688 968 2748 καί
980 2692 1053 2769 βρον·

278 2782 329 2837 τῶν
341 2779 386 2838 καί
395 2776 551 2853 πνευμάτων
558 2776 678 2846 ἐξαισίων
688 2776 733 2834 καί
743 2777 946 2854 σκότους,τῦγςτε
956 2775 1052 2835 θαλάσ·

278 2888 326 2938 σης
338 2865 510 2946 ἀγριουμένης
532 2865 578 2925 καί
594 2864 734 2946 τρικυμίας
748 2864 898 2944 ἐγειρούσης
917 2862 1048 2942 μεγάλας,

276 2953 367 3034 ῶσπερ
377 2953 479 3026 ξύνηθες
486 2957 524 3035 τῷ
534 2952 645 3034 Αίγαίῳ,
655 2953 689 3013 τά
698 2952 745 3030 μέν
752 2957 844 3033 πρῶτα
854 2952 945 3012 ἔπλεον
956 2957 982 3012 αἱ
993 2956 1051 3024 νῆες

277 3052 361 3102 πᾶσαι
370 3044 431 3123 πιρί
441 3065 492 3101 που
501 3042 545 3101 τδν
557 3041 669 3122 φρυκτὸν
678 3046 725 3112 τῆς
734 3041 903 3121 στρατηγίδος
912 3040 984 3113 νεὼς,
989 3039 1052 3100 έπύ-

278 3153 355 3206 μεναι
364 3129 458 3208 ταύτῃ,
467 3128 513 3189 άτε
523 3127 551 3188 δί
560 3132 587 3187 έν
596 3129 670 3189 νυκτί
677 3128 723 3187 καί
732 3128 817 3209 σκότῳ
829 3134 903 3207 βαθεῖ
909 3128 955 3188 καί
963 3151 1051 3209 τρικυ·

278 3217 327 3296 μίφ
340 3215 451 3295 μεγίστῃ
462 3217 507 3274 καί
517 3217 648 3294 καταιγίδι
659 3216 704 3276 καί
720 3216 877 3293 πνευμάτων
893 3216 1052 3281 ἀντιπνοίαις

278 3303 397 3368 ἀτάκτως
412 3301 555 3382 φερόμεναι
567 3301 722 3371 ξυνέπιπτον
736 3303 864 3374 ἀλλήλαις
884 3306 930 3362 καὶ
950 3326 1051 3384 προση·

278 3390 418 3467 ράσσοντο,
444 3387 492 3447 καί
510 3388 666 3449 κατεδύοντο
686 3392 715 3447 αί
731 3390 836 3457 πλείους
858 3392 955 3467 αὐτοῦ,
983 3389 1052 3449 ὥστε

277 3476 380 3547 κοίτην
398 3478 560 3555 στρατηγίδα
582 3482 644 3536 ναῦν
658 3484 753 3556 μικροῦ
764 3479 910 3537 κατέδυσαν
926 3476 957 3537 θν
967 3480 1052 3538 ἐπεισ-

276 3569 406 3623 πεσοῦσαι
433 3564 538 3643 ἀθρόαι,
554 3566 577 3623 εί
598 3564 665 3641 μὴὸ
688 3564 851 3644 κυύερνήπης
868 3571 943 3625 τοῦτο
959 3567 1050 3626 αἰσθό-

717 447 918 510 CRITOBULI
939 445 1200 508 lllsrelllnnilll
1220 445 1291 506 LIB.
1314 447 1351 521 ll,
1375 448 1439 507 3³1.

1102 598 1178 652 μενος
1187 574 1259 642 εύθίνς
1268 575 1386 657 ἀφανίζει
1397 577 1441 636 τίον
1449 574 1572 656 φρυκτόν.
1599 575 1655 635 Καί
1664 574 1731 636 οῦτω
1742 576 1774 649 δή
1783 579 1872 643 σιτία,

1103 663 1204 722 σθεῖσαν
1211 660 1280 742 άλλη
1288 661 1334 721 καί
1341 663 1409 743 άλλη
1419 668 1465 721 τοῦ
1472 660 1600 740 πελάγους
1610 663 1730 743 ίφέροντο
1736 664 1862 744 παννύχιοι

1103 749 1307 831 χειμαζόμενοι,
1321 749 1370 818 έως
1383 751 1470 830 ἡμέρα
1488 773 1518 809 τε
1532 750 1633 827 ἐγένετο
1649 750 1695 808 καί
1709 750 1864 831 κατήχθησαν

1105 837 1180 916 μόγις
1210 860 1261 896 που
1284 836 1354 918 άλλη
1373 838 1418 897 καί
1437 839 1504 917 άλλη
1525 841 1572 908 τῆς
1594 838 1678 916 ταύτῃ
1698 837 1816 915 ἠπείρου,
1835 841 1865 905 ὡς

1104 926 1196 1004 ἔτυχον
1212 925 1310 999 ἑκάστη
1325 932 1500 1007 περισωθείσα
1515 930 1562 984 τοῦ
1580 924 1723 993 κλύδωνος.
1742 925 1774 1007 (ν)
1787 925 1865 988 Ἔνιοι

1105 1014 1133 1075 δέ
1150 1015 1196 1074 καί
1209 1021 1385 1095 καταχθείσαι
1405 1013 1499 1094 μικρὸν
1519 1012 1648 1093 ἀπωτέρω
1667 1017 1714 1086 τῆς
1732 1019 1779 1091 γῆς
1797 1016 1864 1073 κατέ·

1105 1103 1202 1175 δυσαν,
1224 1104 1332 1183 ὑφάλοις
1346 1102 1436 1162 τεκαὶ
1461 1101 1585 1163 σπιλάσιν
1607 1100 1782 1181 ἐγκύρσασαι,
1797 1105 1821 1160 ri
1838 1102 1860 1160 δὲ

1104 1189 1151 1257 τάς
1166 1190 1291 1270 μηχανάς
1304 1191 1429 1271 φέρουσαι
1443 1194 1502 1260 νῆες
1525 1188 1576 1248 ύπό
1590 1212 1618 1247 τε
1633 1192 1681 1260 τῆς
1701 1188 1758 1267 βίας
1771 1194 1812 1248 τοῦ
1826 1193 1862 1268 ρ

1105 1278 1149 1337 καί
1162 1282 1210 1350 τῆς
1221 1278 1361 1355 τρικυμίας
1375 1278 1495 1343 ἀτάκτως
1507 1275 1666 1357 φερόμεναι,
1686 1281 1715 1335 ei
1732 1276 1778 1354 μὲν
1789 1277 1861 1335 αὐτῶν

1105 1365 1241 1432 σκοπέλοις
1256 1390 1287 1424 τε
1304 1365 1350 1425 καί
1374 1366 1468 1431 ἀκταῖς
1487 1363 1706 1445 προσαρράξασαι
1732 1363 1863 1443 ξυνετρίύη·

1105 1474 1170 1524 σαν,
1185 1452 1271 1512 καλαί
1286 1454 1313 1511 έν
1323 1454 1415 1522 αὐταῖς
1428 1452 1547 1533 μηχαναί
1560 1452 1640 1512 αύτοῦ
1655 1474 1706 1509 που
1721 1450 1860 1523 κατέδυσαν,

1105 1542 1132 1599 αἱ
1153 1540 1176 1599 δ’
1187 1531 1291 1621 ἀφίεταί
1305 1540 1379 1618 μολις
1392 1540 1600 1622 περιεσώθησαν.

1145 1627 1179 1687 V.
1195 1629 1325 1700 Ἰονούζης
1343 1630 1370 1688 δέ
1381 1630 1448 1706 peti
1461 1633 1526 1688 νεῶν
1539 1627 1565 1699 ἐξ
1585 1627 1749 1709 ἀπολειφθείς
1762 1627 1804 1685 καί
1820 1649 1863 1684 πα-

1104 1713 1215 1795 νήμερος
1227 1719 1254 1777 ἐν
1270 1720 1307 1796 τῷ
1322 1718 1433 1796 πελάγει
1448 1716 1638 1797 χειμαζόμενός
1651 1739 1679 1775 τι
1694 1716 1738 1774 καί
1751 1716 1863 1773 κλυδωνι-

1105 1806 1210 1880 ζόμενος
1227 1804 1303 1882 μόλις
1315 1828 1366 1866 που
1382 1807 1428 1866 καί
1443 1806 1519 1872 αὐτὸς
1537 1804 1604 1884 πρδς
1618 1804 1731 1887 ἑσπέραν
1750 1803 1824 1871 ἐςτίν
1840 1805 1862 1861 έν

1105 1895 1138 1971 τῇ
1155 1890 1214 1973 Χίῳ
1225 1892 1346 1973 κατήχθη
1360 1893 1470 1971 λιμένα,
1482 1892 1623 1972 διάδροχος
1635 1892 1681 1951 καί
1690 1892 1773 1952 πάντα
1787 1890 1817 1948 τά
1826 1888 1862 1950 ἐπί

1105 1983 1157 2039 τῶν
1173 1981 1408 2061 καταστρωμάτων
1423 1980 1578 2042 tortoldu-
1590 1980 1665 2061 παρδι
1679 1984 1794 2040 τοσοῦτον
1807 1970 1859 2049 ήλθε

1105 2066 1236 2128 κίνδυνον·
1279 2071 1313 2147 (e)
1328 2067 1430 2151 ἡμέρας
1443 2068 1471 2130 δέ
1485 2077 1553 2149 τρεῖς
1575 2068 1711 2147 ἐπιμείνας
1723 2070 1749 2127 ἐν
1762 2065 1815 2147 Χίῳ
1825 2066 1861 2124 καί

1108 2153 1152 2214 τὸν
1170 2157 1367 2238 περιλειφθέντα
1384 2157 1475 2218 στύλον
1490 2158 1578 2216 πάντα
1598 2154 1746 2236 ξυναγαγὼν
1761 2155 1803 2214 καί
1814 2155 1861 2210 ἐπι·

1106 2243 1236 2312 σκευάσας
1246 2246 1275 2303 ἐκ
1285 2248 1336 2305 τῶν
1347 2247 1467 2324 ἐνόντων,
1481 2246 1605 2326 ἀναχθείς
1618 2249 1713 2305 ἐκεῖθεν
1724 2243 1831 2324 καταίριι
1841 2244 1861 2306 ἐς

1107 2334 1169 2392 Κῶν
1192 2330 1240 2405 τήν
1256 2336 1351 2407 νῆσον,
1366 2334 1411 2392 καί
1431 2331 1533 2400 ἀπούάς
1555 2333 1642 2414 έκειρέ
1659 2357 1687 2394 τε
1702 2333 1747 2405 τήν
1758 2336 1801 2410 γῆν
1817 2333 1859 2388 τῶν

1109 2420 1212 2500 Κῴων,
1236 2420 1282 2479 καί
1303 2421 1461 2500 προσῦαλιίνν
1482 2425 1521 2499 τῷ
1546 2422 1638 2495 άστει,
1666 2421 1803 2499 ἐπολιόρκει
1824 2416 1860 2474 ἐπὶ

1107 2508 1189 2588 τρισίν
1215 2510 1344 2588 ἡμέραις·
1367 2513 1402 2577 ῶς
1422 2509 1444 2569 δ’
1465 2509 1538 2569 οὐδέν
1556 2509 1654 2583 ἤνυεν,
1676 2506 1803 2589 ἐμπρήσας
1822 2502 1859 2568 e<

1107 2592 1159 2677 πρίν
1173 2601 1218 2656 τοῦ
1236 2597 1327 2665 ἀστεος
1346 2598 1445 2676 οίκίας,
1467 2598 1512 2657 καί
1533 2608 1625 2657 πᾶσαν
1638 2598 1685 2671 τὴν
1705 2598 1783 2667 άλλην
1795 2596 1859 2662 νῆσον

1105 2683 1281 2766 καταδραμὼν
1296 2684 1341 2743 καί
1349 2683 1441 2762 κώμας
1455 2685 1605 2764 διαρπάσας
1614 2685 1659 2745 καί
1674 2683 1743 2745 λείαν
1752 2681 1859 2749 πλείστην

1105 2770 1200 2838 ἐλάσας
1214 2771 1259 2830 καί
1272 2781 1329 2838 ταῖς
1340 2771 1430 2831 ναυσίν
1444 2772 1576 2847 ἐνθέμενος
1587 2771 1707 2851 ἐπανήει.
1745 2770 1778 2847 (ε)
1794 2769 1814 2827 Γ
1814 2764 1859 2823 ενύ·

1106 2883 1182 2936 μενος
1194 2860 1221 2919 δέ
1241 2859 1309 2921 κατδι
1325 2859 1455 2922 Φώκαιαν
1476 2858 1524 2932 τὴν
1543 2860 1607 2920 νέαν
1624 2859 1778 2940 λεγομένην,
1797 2853 1857 2916 Χίων

1105 2939 1196 3023 υύσαν,
1208 2949 1253 3008 καί
1262 2948 1392 3009 ἀπόύασιν
1404 2949 1581 3027 ποιησάμενος
1590 2938 1862 3027 παρεστήσατοταύτην

1106 3036 1244 3119 ὁμολογίᾳ.
1258 3039 1343 3098 Τοῦτο
1357 3037 1379 3098 δ’
1393 3039 1515 3110 ἐποίησεν
1536 3037 1686 3104 ἐνσπόνδοις
1707 3034 1780 3117 ὀργὴν
1796 3030 1855 3110 έχων

1108 3133 1161 3192 τοῖς
1181 3124 1271 3198 Χίοις,
1294 3125 1334 3183 ότι
1352 3148 1382 3202 γε
1404 3125 1452 3185 ούνι
1472 3124 1592 3195 ἐδέξαντο
1615 3131 1702 3186 τοῦτον
1720 3124 1796 3186 καλῶς
1814 3119 1858 3176 iet

1108 3213 1292 3292 καταχθέντα,
1311 3214 1375 3287 otei,
1384 3223 1436 3280 τοῖς
1455 3212 1621 3294 προσήκουσι
1635 3214 1721 3294 δώροις
1734 3211 1855 3284 ἐτίμησαν·

1109 3299 1138 3380 (ε)
1155 3300 1257 3367 Διαθείς
1276 3301 1304 3359 δέ
1323 3301 1358 3360 τίι
1379 3299 1449 3359 κατδι
1468 3302 1515 3374 τήν
1540 3301 1674 3363 Φώκαιαν
1695 3303 1727 3367 ῶς
1745 3289 1774 3369 ήν
1794 3294 1858 3370 αύτῷ

1107 3387 1176 3445 κατὰ
1184 3393 1253 3462 νοῦν,
1265 3388 1311 3447 καί
1319 3386 1438 3469 φυλακὴν
1446 3389 1649 3467 ἐγκαταστήσας
1659 3383 1766 3468 αύτῇκαί
1775 3381 1858 3442 παῖδας

1108 3475 1198 3533 λαθὼν
1221 3475 1383 3535 ἀπέπλευσεν
1407 3475 1451 3536 ἐπί
1479 3474 1551 3536 citou
1569 3479 1595 3544 ές
1621 3474 1800 3540 Καλλιούπολιν
1820 3465 1857 3526 καί

1107 3563 1207 3622 διέλυσε
1223 3566 1268 3624 τὸν
1283 3564 1383 3627 στόλον.
1399 3564 1431 3644 (ε)
1475 3564 1608 3625 ’setteis
1622 3567 1650 3626 δὲ
1663 3568 1712 3624 τῶν
1725 3565 1783 3620 νεῶν
1794 3559 1816 3615 ίν
1825 3557 1857 3610 τ.”ν

288 3703 1854 3734 Ἣ

273 3804 352 3855 ditam
370 3803 471 3867 videns,
489 3810 556 3857 retro
570 3819 669 3856 cursum
688 3820 761 3871 agens
786 3807 877 3859 incon
896 3809 1001 3861 insulem
1012 3812 1119 3875 appulit,
1134 3812 1158 3861 in
1170 3824 1247 3875 eaque
1266 3825 1310 3875 per
1321 3811 1375 3862 dies
1388 3818 1418 3861 22
1432 3811 1551 3861 llaclriam
1568 3811 1694 3862 castollum
1711 3802 1799 3857 obsedit
1807 3798 1855 3878 itu·

277 3876 339 3923 sire.
355 3876 449 3925 Deinde
464 3875 489 3924 in
505 3876 592 3927 Chium
604 3889 732 3936 reversus,
745 3880 800 3926 orto
816 3875 881 3928 iuter
897 3878 972 3930 Chios
990 3884 1016 3930 et
1033 3883 1126 3930 Turres
1144 3880 1271 3944 tumultu,
1290 3895 1381 3935 navem
1403 3895 1453 3931 uno
1475 3894 1533 3931 curn
1552 3881 1617 3930 viris
1631 3875 1741 3945 perdidit.
1760 3874 1855 3930 Delli*⁰

278 3945 425 4007 Mytilenen,
441 3947 499 3997 hinc
516 3946 667 4011 Callipolim,
683 3962 757 4010 quam
770 3947 868 3999 duobus
889 3949 1015 4001 mensibus
1034 3956 1091 4003 ante
1108 3952 1254 4015 reliquerat,
1275 3953 1356 4003 rediit.
1378 3952 1491 4015 callipoli
1507 3952 1688 4017 Adrianopolim
1704 3947 1734 3998 ad
1749 3947 1854 4015 regem,e

273 4015 390 4076 contulit,
405 4017 449 4079 qni
461 4019 569 4067 Hamzaa
580 4031 596 4067 a
606 4018 723 4068 nauarchi
736 4031 839 4069 munere
847 4021 952 4071 removit
972 4026 998 4072 et
1010 4022 1078 4073 chiis
1090 4023 1181 4072 bollum
1191 4022 1345 4074 inserendum
1353 4023 1479 4082 decrevit,
1490 4023 1558 4086 quod
1582 4020 1684 4074 Octobri
1698 4027 1775 4069 mense
1787 4005 1856 4061 iutuiri

278 4091 383 4136 lenum„
391 4087 533 4139 critobulus
545 4091 643 4138 llamzte
656 4092 791 4140 erroneus
801 4091 971 4154 expeditiones
981 4091 1090 4141 inanem
1101 4091 1252 4155 eandemque
1263 4092 1327 4143 malo
1342 4093 1447 4143 condere
1461 4092 1567 4142 videtur.
1822 4146 1827 4157 ,

305 4155 405 4217 1V.§t.
421 4158 594 4221 ὀγδοήκονεα]
605 4159 743 4209 Secundum
751 4162 846 4210 Ducam
853 4175 878 4224 p.
893 4160 1433 4226 331Jonmavigiatitantumnavesedusit,
1448 4176 1553 4227 querum
1571 4166 1666 4227 septem
1682 4153 1854 4230 (vigintimil-

274 4239 324 4289 que
336 4238 386 4275 sec.
402 4226 495 4278 critob.
505 4236 528 4285 5,
542 4228 572 4290 5)
586 4229 693 4292 perdidit
704 4251 711 4279 ι
722 4232 791 4281 πέντε
803 4232 831 4280 ἐκ
842 4238 889 4281 τῶν
904 4232 928 4281 κ’
937 4231 977 4296 (π’
989 4246 1039 4282 see.
1052 4230 1174 4282 critobul.
1184 4234 1193 4293 )
1204 4234 1435 4298 κατεποντίσθησαν,
1445 4236 1490 4289 καὶ
1499 4235 1540 4283 δύο
1549 4234 1573 4282 ἰν
1587 4239 1637 4289 ταῖς
1648 4233 1728 4285 ἀκταῖς
1742 4217 1855 4281 σννῑῖθίθῦ

242 4362 243 4366 ¹
275 4313 330 4346 σαν.
346 4294 356 4357 {i
371 4320 403 4332 -
413 4296 441 4344 τό
453 4313 479 4345 τε
488 4298 573 4362 Ῥοῖον]
588 4300 617 4348 τθ
623 4299 734 4350 Ῥοίτειον
743 4311 793 4350 eree
803 4301 915 4365 Trojenae
927 4301 1056 4365 intelliges.
1072 4301 1083 4365 ll
1097 4328 1129 4337 -·
1140 4302 1181 4358 τὰς
1191 4303 1309 4360 Κυανίδας
1321 4302 1421 4367 νήσους]
1431 4307 1451 4351 Α
1461 4303 1559 4354 Tenedo
1578 4300 1700 4366 naviganti
1716 4295 1747 4347 ad
1758 4293 1855 4367 dextrelt

271 4371 300 4417 ot
317 4364 421 4429 cpnppi
436 4372 491 4418 crat
503 4370 610 4418 Lemnus
621 4369 715 4432 insule,
735 4370 796 4421 edeo
812 4374 842 4421 ut
861 4370 927 4421 hene
948 4372 1053 4422 insulem
1070 4372 1173 4422 l'uioani
1194 4372 1249 4435 igne
1268 4374 1383 4424 adustam
1400 4376 1535 4438 (Atidium
1547 4374 1664 4437 Polybius
1675 4367 1748 4428 distr)
1759 4367 1782 4413 et
1797 4356 1853 4419 θύμ’

274 4439 358 4486 centes
375 4436 490 4500 scopulos
509 4440 627 4496 Κυανίόας
641 4440 724 4491 dicere
741 4441 861 4493 videatur.
884 4445 921 4492 Ne
938 4441 970 4493 de
984 4442 1100 4506 Calydnis
1120 4443 1273 4507 cogitemus,
1290 4446 1353 4495 situs
1372 4445 1458 4494 lrsrurn
1475 4445 1614 4494 insularum
1626 4444 1723 4492 obstare
1737 4433 1832 4484 ridetur·

273 4535 305 4549 -
318 4503 365 4568 §3.
377 4507 391 4554 θ
402 4507 557 4572 κυάερνήτης]
569 4510 705 4569 ἦνίίατίνος
718 4512 826 4568 ‘luna-e:
836 4512 871 4577 τῷ
880 4512 950 4574 γένει,
960 4516 989 4563 ul
1003 4513 1165 4583 Ducespailp.
1179 4519 1234 4577 331,
1249 4518 1286 4564 17.
1303 4515 1314 4579 ΙΙ
1330 4515 1380 4579 -§
1391 4518 1416 4565 l.
1430 4513 1591 4578 έγκῦρσασαι]
1607 4513 1643 4563 sic
1656 4522 1720 4573 tngo.
1731 4501 1853 4567 ‘veiim‘
1907 4520 1908 4531 ¹

274 4580 335 4627 text.
352 4574 363 4638 ΙΙ
376 4604 409 4614 -
421 4579 613 4644 προσαράξασαι]
628 4582 665 4630 sic
676 4594 741 4645 lnge,
755 4582 910 4633 ίποκείλασαι
924 4586 987 4635 text.

303 4651 333 4701 ll.
345 4649 360 4713 ς
371 4655 393 4698 2.
412 4648 454 4698 Ἐν
464 4649 531 4714 Χίῳ]
547 4649 583 4700 sic
593 4664 662 4715 mgo;
672 4653 744 4702 αὑτοῦ
757 4656 818 4703 tert.
833 4653 843 4717 ΙΙ
854 4679 886 4690 -
897 4655 925 4704 ἐκ
934 4661 981 4704 τῶν
993 4655 1107 4721 ἐνόντων]
1124 4658 1172 4708 ἀπὸ
1187 4662 1234 4706 τῶν
1251 4658 1325 4707 ὄντων
1348 4659 1429 4717 text.;
1446 4656 1505 4706 illud
1525 4668 1589 4718 rugo.
1607 4681 1638 4690 —
1655 4651 1762 4702 ceterum
1820 4705 1825 4715 ,

273 4729 353 4780 παίγνια
370 4717 404 4768 ad
418 4718 506 4770 Chium
522 4720 627 4772 classem
645 4723 783 4787 recollegit,
800 4737 883 4786 neque
897 4726 949 4775 con
965 4722 1068 4776 insulam
1092 4727 1211 4790 vastarit,
1227 4741 1305 4791 quum
1323 4728 1395 4778 aliter
1410 4740 1461 4777 rem
1473 4728 1580 4789 exponat
1593 4727 1685 4780 Duces,
1704 4717 1769 4779 cuius
1785 4712 1851 4766 [⁰3⁰¹

1779 4643 1853 4690 Ιθίίίίίέί

271 4789 297 4838 in
315 4789 354 4841 hls
367 4791 509 4871 auctoritas.
525 4793 601 4845 Nauis
613 4807 668 4857 qne¹
679 4795 731 4859 ipse
740 4798 835 4845 Joauzs
852 4795 996 4860 vehebatur,
1009 4810 1053 4862 per
1066 4801 1148 4851 toturn
1158 4801 1224 4850 diem
1238 4801 1357 4850 seviente
1372 4801 1531 4863 tempestate,
1543 4809 1629 4847 versus
1640 4789 1755 4856 Cyclades
1769 4777 1850 4834 nenias

272 4858 408 4919 arenant,
421 4860 510 4912 deinde
522 4876 581 4912 vero
592 4868 648 4927 post
659 4867 755 4915 noctem
768 4878 881 4915 serenam
889 4868 970 4930 primo
983 4881 1055 4919 mene
1065 4868 1090 4920 in
1101 4869 1188 4921 Ollium
1201 4885 1289 4921 versus
1304 4875 1389 4922 ortum
1406 4870 1525 4921 delectur.
1545 4871 1640 4919 interea
1654 4862 1752 4924 relique
1771 4858 1847 4906 νννθθν

272 4940 330 5011 ques
341 4932 514 4994 tempestatem
534 4935 686 4997 effugerent,
697 4935 722 4986 in
742 4936 872 4999 Mytiieues
892 4943 990 5002 portum
1008 4939 1167 4992 devenerunt.
1185 4941 1221 4991 ibi
1236 4942 1268 4992 dc
1286 4941 1357 4993 ducis
1377 4945 1445 4993 sorte
1461 4940 1530 4990 anxii
1547 4936 1621 4990 'turci
1640 4943 1741 4999 vespere
1754 4926 1850 4976 nerent

274 4999 330 5048 illan
357 5002 455 5065 regione
469 5003 608 5056 venientem
628 5007 792 5070 conspiciunt,
814 5010 840 5057 ct
854 5022 915 5071 pone
936 5010 999 5060 Ιιοοσ
1015 5022 1074 5061 mox
1087 5011 1202 5072 aiteram,
1218 5026 1275 5076 quaa
1291 5015 1344 5064 erat
1355 5012 1397 5064 ilia
1414 5013 1524 5063 Jonuzte.
1543 5012 1571 5060 in
1590 5010 1681 5057 terram
1692 4989 1850 5063 egre⁵⁸1¹⁵⁸¹¹

272 5068 387 5131 Νίωίθθ,
401 5073 517 5138 principis
529 5075 673 5125 Lesbiorum
687 5077 777 5139 tratre,
798 5078 905 5129 comiter
919 5082 1041 5143 exceptus
1054 5082 1149 5131 Jouuza
1166 5095 1255 5131 navem
1272 5082 1354 5145 illam,
1369 5096 1425 5146 ηοω
1437 5084 1494 5132 ante
1511 5080 1591 5144 ipsum
1603 5073 1628 5126 tn
1639 5077 1734 5139 perium
1752 5056 1849 5141 perperat,
1907 5078 1908 5133 l

273 5141 390 5201 linium
399 5141 508 5203 llfaedtm
519 5157 590 5194 luam
608 5146 655 5196 sibi
667 5147 733 5197 tradi
744 5148 830 5212 iussit.
851 5150 1033 5203 liecuscniibus
1050 5150 1157 5212 Lesbiis,
1175 5152 1242 5215 quod
1254 5152 1325 5203 naris
1344 5155 1412 5202 cssot
1429 5151 1569 5215 Mytilenen
1588 5150 1614 5196 et
1626 5143 1712 5195 mulier
1725 5134 1810 5189 elliam
1824 5133 1849 5171 ον

270 5208 376 5288 adjecta
395 5216 460 5265 esset
467 5227 552 5264 socrus
569 5217 685 5280 principis
695 5218 856 5281 Lesbiorum,
869 5219 909 5270 ille
919 5220 993 5271 tidem
1004 5221 1077 5273 dictis
1086 5237 1134 5273 non
1143 5223 1263 5273 adhibens
1271 5236 1304 5273 ex
1322 5222 1403 5273 insula
1421 5222 1495 5272 soluit
1520 5217 1787 5286 iul’hoeaeamuoramp
1800 5202 1848 5259 ‘1⁰³

272 5290 352 5343 ΡΠΜ)
362 5280 508 5334 Νθθθθνίνῐίν
518 5284 558 5336 die
572 5288 658 5338 Tureie
675 5301 703 5338 se
718 5287 822 5341 dedidit.
834 5290 845 5354 ΙΙ
862 5317 893 5328 -
911 5290 960 5355 θέε.
976 5295 1064 5350 διαθεὶς
1080 5296 1106 5343 δὲ
1121 5295 1151 5343 τά
1166 5294 1228 5343 κατὰ
1244 5295 1285 5353 τὴν
1302 5293 1434 5358 Φώκαιαν]
1447 5296 1529 5345 Duces
1540 5307 1564 5356 p.
1584 5292 1639 5350 ael,
1652 5283 1667 5337 θ
1677 5306 1683 5336 ι
1705 5280 1742 5332 καί
1751 5286 1798 5326 5⁰⁶⁴?
1814 5262 1849 5327 ¹²h
