3842 6036
264 412 330 471 tiu
639 435 644 439 ·
687 411 892 489 ‚cultellum
914 412 1177 479 fltsrotttnttbnt
1198 413 1269 476 LIB.
1294 416 1330 488 lt,
1353 416 1461 475 22-23.
1510 423 1534 480 ’ἶ

271 549 362 614 θηντο,
381 541 489 615 δ’Λλής
504 542 592 621 κύκλῳ)
610 538 761 621 περιλαύδνν
777 539 869 608 αὐτοῦς
887 545 925 621 τῷ
939 547 1044 624 στρατῷ
1099 549 1203 625 πρῶτον
1223 547 1249 605 ίν
1264 548 1379 627 Λήμνῳ,
1400 545 1445 604 καί
1463 545 1594 606 άπόὸασιν
1608 549 1795 625 ποιησάμενος,
1813 573 1860 608 πα·
1900 538 1901 609 ί

271 632 316 690 καί
339 632 514 696 κατακλείσας
537 630 650 711 ἰσχυρῶς
671 626 791 707 ἐφρούρει
812 633 858 687 τοῦ
878 628 916 708 μή
944 654 971 689 τι
993 634 1046 691 τῶν
1100 632 1247 713 ρεστήσατο
1257 633 1357 706 ταύτην
1371 633 1516 715 ὁμολογίφι,
1532 636 1584 693 τῶν
1598 658 1627 693 τε
1640 634 1765 712 Λημνίων
1782 638 1860 696 ἐνδόν-
1900 650 1901 701 t

269 714 690 799 ίνδονέξσγαγεῐνήτῶνῖξωθεν
704 714 903 790 έσκσμίσασθαι.
1100 744 1152 780 των
1178 722 1250 789 εθθῦς
1263 724 1370 783 καὶτῶν
1389 724 1417 781 ἐν
1431 724 1498 802 αύτῇ
1515 722 1639 804 φυλάκων
1656 729 1703 784 τοῦ
1721 719 1857 794 θασιλίως·
1900 772 1901 777 ,

311 808 402 867 xxti.
417 802 546 872 Buculeio<
561 803 588 863 δί
601 803 698 883 διάγων
713 805 740 862 ίν
756 806 1046 880 Κωνσταντινουπιθαι,
1101 799 1157 889 εἶχε
1170 808 1223 891 γάρ
1244 813 1271 869 ἐν
1285 812 1352 887 αὐτῇ
1368 809 1495 891 φρουρούς
1516 809 1610 888 ἄνδρας
1625 812 1718 871 ίκατδν
1736 814 1860 893 μαχίμους
1900 828 1901 839 ’

271 892 392 976 ξυνῴκιζί
406 917 435 952 τε
449 892 531 964 αὐτήν
546 892 591 952 καί
607 896 657 951 τῶν
675 890 747 951 ἔνδον
762 892 904 969 ἐπεμέλετο
919 896 1046 974 ἰσχυρῶς,
1100 904 1153 958 τῶν
1172 899 1226 958 άπδ
1240 905 1287 972 τῆς
1307 898 1375 966 ἰδίας
1397 901 1478 971 αύλῆς
1495 900 1669 977 νεοδαμωδῶν
1689 901 1735 961 καί
1752 900 1859 981 άρχοντα
1900 902 1901 969 s

275 982 371 1063 λουτρά
392 1006 421 1040 τε
443 982 646 1050 κατασκευάζων
669 982 694 1049 ἐς
709 981 806 1048 κάλλος
829 981 874 1040 καὶ
892 984 983 1061 χρείαν
1001 983 1046 1042 καί
1099 988 1197 1046 τούτοιν
1217 987 1305 1046 τεκαὶ
1321 989 1368 1057 τῆς
1391 984 1472 1057 νήσου
1494 987 1633 1063 ξυμπάσης
1648 987 1782 1068 Μωράτην
1803 989 1861 1049 οίίτω

272 1070 380 1148 μέγεθος
403 1069 482 1128 ἱκανὰ
505 1070 550 1128 καὶ
573 1070 657 1136 οἰκίας
677 1068 803 1150 λαμπρὰς
824 1070 870 1128 καί
901 1070 1046 1149 πανδοχιῐα
1096 1073 1272 1151 καλούμενον.
1316 1074 1351 1154 (ε)
1370 1074 1528 1150 Ἐπιμαίνας
1551 1075 1579 1134 δέ
1601 1074 1755 1155 τῇΛήμνῳ
1772 1075 1860 1155 ήμίρας
1900 1098 1901 1101 ’

272 1161 418 1237 οἰκοδομῶν
433 1153 477 1216 καί
501 1155 597 1236 άγορδις
619 1162 758 1237 πανταχοῦ
778 1156 876 1227 ταύτης
896 1156 942 1215 καί
962 1179 1046 1215 κατα·
1099 1162 1508 1241 ὀκςὼχαλκαταςςηαάμςνοςςὰ
1522 1164 1860 1245 αὖτοῦ,ρρουράνςςίκινὴν
1900 1194 1901 1201 1

270 1246 375 1327 γωγδς,
392 1247 430 1305 ἔτι
445 1244 472 1306 δέ
483 1244 657 1325 παραδείσους
668 1245 784 1326 φυτεύων
796 1245 842 1304 καί
854 1245 955 1305 ὑδάτων
968 1246 1048 1326 άφθο-
1100 1252 1168 1332 αύτῇ
1183 1249 1231 1310 καί
1242 1251 1406 1331 φρούραρχον
1421 1253 1607 1330 ἐγκαταλιπών
1616 1252 1661 1310 τόν
1676 1252 1788 1326 Λωίζον,
1803 1253 1857 1333 άρας

271 1336 330 1394 νίαν
349 1333 449 1409 ίσάγων
466 1333 511 1392 καί
536 1331 585 1397 ὁσα
605 1333 673 1391 ἄλλα
697 1332 795 1407 κόσμον
815 1325 868 1392 οίδε
893 1331 979 1414 φέρειν
1002 1332 1048 1394 καί
1100 1339 1197 1398 ἐκεῖθεν
1212 1338 1363 1417 έπιπλείτῇ
1380 1336 1482 1415 Θάσῳ,
1500 1338 1546 1397 καί
1562 1337 1665 1406 ἀπυόδις
1677 1339 1769 1418 λόγους
1782 1363 1855 1421 προσ·
1900 1334 1901 1337 “

263 1425 367 1491 ,κάλλος
381 1424 449 1498 αὐτῇ
469 1419 514 1480 καί
529 1419 621 1501 χρείαν
637 1422 781 1500 ἀναγκαίαν
804 1422 850 1480 καί
870 1423 1044 1504 ψυχαγωγίαν

271 1513 323 1571 τῶν
342 1507 509 1568 ἐνοικούντων
526 1507 632 1566 ἅπαντα
644 1507 845 1585 καθιστάμενος·
888 1512 958 1587 (mori
968 1509 1045 1585 μόνον

272 1597 315 1671 δδ,
331 1595 400 1657 ulli
419 1595 465 1655 καί
478 1595 512 1655 τὰ
537 1595 584 1665 lior
599 1594 686 1669 πάντα
704 1600 751 1668 τῆς
780 1598 871 1680 χώρας
893 1597 1046 1681 ζυνῴκιζεν,

272 1690 414 1757 δποικίζων
435 1684 549 1752 πολλούς
568 1709 597 1744 τε
614 1688 668 1745 τῶν
683 1686 842 1765 Τριὸαλλῶν
858 1687 905 1747 καί
920 1688 1044 1748 Παιόνων

265 1783 318 1839 ,καί
340 1779 438 1838 Μυσῶν
454 1780 500 1848 τῆς
519 1776 619 1848 αύτῶν,
641 1775 700 1844 τοὺς
719 1774 747 1835 δί
760 1775 806 1836 καί
826 1776 978 1852 ληιζόμενος
998 1777 1046 1836 καί

271 1865 425 1934 κατοικίζων
440 1866 467 1923 ἐν
483 1865 561 1942 αὐτῇ.
604 1866 639 1943 (α)
650 1862 788 1944 Ἔγνωστο
804 1863 855 1945 γδιρ
870 1866 941 1945 αύτῷ
952 1872 1043 1924 πᾶσαν

270 1954 318 2026 τήν
331 1954 381 2022 ἔξω
395 1951 440 2012 καί
453 1952 504 2031 πρδ
520 1955 567 2024 τῆς
579 1951 678 2019 πόλεως
688 1950 779 2034 χώραν
792 1952 933 2022 ξυνοικίσαι
948 1957 1045 2027 καλῶς,

271 2043 330 2121 ἅμα
345 2041 392 2120 μίν
407 2042 439 2100 δι’
452 2041 547 2123 ἀρετήν
563 2043 610 2113 τῆς
620 2046 669 2118 γῆς
683 2040 754 2120 (ἔστι
767 2040 818 2122 γδρ
832 2040 917 2118 οἰγαθή
931 2042 1044 2123 σπείρειν

269 2155 299 2192 τε
313 2132 358 2190 καί
371 2128 488 2210 φυτεύειν
504 2128 549 2195 καί
563 2128 627 2207 πρὸς
639 2128 745 2196 ἁπάσας
759 2128 893 2209 ἐρρωμένη
908 2128 985 2205 γονδις
1000 2128 1045 2190 καί

268 2218 404 2303 καρπούς,
429 2218 475 2278 καί
500 2220 534 2277 τδι
557 2217 668 2296 μέγιστα
693 2216 849 2285 ξυντελέσειν
871 2217 965 2292 ἔμελλε
987 2221 1046 2285 ταῖς

268 2307 368 2390 χρείαις
382 2313 429 2380 τῆς
438 2305 567 2383 πόλεως),
579 2304 636 2382 άμα
650 2303 678 2364 δὲ
689 2306 734 2363 καί
744 2304 792 2375 τήν
800 2304 892 2386 χώραν
903 2304 1045 2385 ἐξημερῶν,

269 2397 371 2476 ἐρήμην
382 2418 412 2455 τι
426 2385 506 2453 ούσαν
521 2393 567 2453 καί
579 2392 701 2465 ἀοίκητον
717 2395 798 2464 αὐτῆς
812 2390 860 2462 τήν
875 2390 976 2463 πολλήν
1000 2392 1045 2449 καὶ

260 2494 321 2552 ,τοῖς
335 2486 513 2561 ὁδοιποροῦσιν
525 2482 669 2562 ίπιοφαλῆ.
685 2480 741 2541 Καὶ
755 2483 769 2538 ὁ
784 2479 832 2557 μέν
847 2483 874 2539 ἰν
888 2477 988 2546 τούτοις
999 2470 1042 2551 ήν.

308 2576 419 2638 lllllll.
433 2572 562 2639 Νικόλαος
576 2569 604 2629 δδ
618 2572 632 2628 ὁ
647 2574 693 2640 τῆς
704 2568 813 2646 Ῥώμης
827 2568 962 2649 ἀρχιερεὺς
975 2566 1044 2626 κατὰ

260 2664 313 2725 ,τὸν
331 2660 408 2722 αύτδν
418 2659 511 2740 χρόνον
527 2658 652 2737 στρατιὰν
667 2657 785 2739 ἤθροιζεν
798 2658 823 2724 ίς
837 2656 972 2729 Ἰταλίαν,
996 2656 1043 2716 καί

270 2751 362 2813 στόλον
378 2748 485 2829 ἐξήρτυι
505 2747 654 2807 διαπόντιον
672 2746 741 2806 κατδι
760 2749 813 2804 τῶν
833 2746 859 2805 έν
874 2751 913 2825 τῷ
935 2746 1041 2824 Αἰγαίῳ

266 2840 357 2913 ,νήσων
369 2843 414 2898 τοῦ
436 2835 576 2918 βασιλέως,
597 2832 711 2916 Ἴμύρου
729 2834 775 2893 καί
796 2833 904 2911 Λήμνου
924 2836 1041 2894 καὶτῶν

269 2932 376 2990 λοιπῶν.
389 2926 443 2988 Καὶ
452 2922 594 3004 πληρώσας
604 2922 717 3004 τριήρεις
723 2921 863 3002 τριάκοντα
873 2922 918 2981 καὶ
928 2920 1042 2988 ὁλκάδας

1100 1424 1172 1504 φέρει
1193 1427 1298 1503 πρῶτον
1315 1424 1376 1504 περί
1389 1449 1418 1484 τε
1438 1424 1592 1502 ζυμόάσεων
1612 1429 1658 1485 καί
1680 1427 1800 1495 ἐνδόσεως
1822 1432 1861 1497 τῆς

1099 1512 1179 1584 νήσου
1188 1521 1242 1578 τοῖς
1249 1514 1276 1571 ἰν
1287 1515 1324 1593 τῷ
1335 1513 1450 1594 φρουρίῳ
1456 1520 1502 1574 τοῦ
1511 1512 1624 1591 λιμένος.
1636 1512 1684 1582 Ὡς
1692 1516 1715 1574 δ’
1723 1517 1770 1575 ούκ
1778 1514 1860 1589 ίπειθι,
1900 1544 1901 1547 “

1099 1601 1190 1681 κύκλῳ
1201 1599 1352 1682 περιλαὸδιν
1364 1625 1398 1680 τη
1416 1609 1528 1682 στρατιᾷ
1547 1601 1593 1661 καί
1606 1603 1772 1682 πανταχόθεν
1785 1624 1860 1681 προα-

1101 1689 1190 1749 ὁαλδιν
1200 1691 1272 1770 αύτῷ
1281 1690 1447 1770 ἰσχυρῶςκαί
1457 1688 1859 1771 κλίμακαςίπαγαγώντῷτείχιι
1900 1738 1901 1743 ,

1099 1779 1146 1839 καὶ
1163 1778 1301 1860 μηχανὰς,
1324 1782 1393 1857 αίριῖ
1411 1777 1480 1839 κατδ
1497 1779 1590 1857 κράτος
1610 1782 1641 1839 ἰκ
1661 1779 1766 1861 πρώτης
1787 1801 1858 1860 προσ-
1900 1806 1901 1809 ’

1100 1865 1193 1940 totta,
1208 1865 1254 1927 καί
1273 1869 1325 1926 τῶν
1340 1867 1463 1946 φυλάκων
1482 1865 1543 1934 τούς
1563 1867 1611 1942 μὲν
1628 1871 1747 1948 ἀναιρεῖ,
1763 1868 1817 1936 τοὺς
1833 1866 1855 1926 δὲ
1900 1858 1901 1923 J

1098 1958 1197 2026 ζῶντας
1209 1956 1286 2035 αίρεῖ·
1301 1947 1369 2027 ήσαν
1386 1955 1437 2036 γδιρ
1457 1956 1484 2014 ἰν
1496 1955 1579 2035 τούτῳ
1593 1957 1702 2038 φρουροί
1714 1958 1798 2037 ἄνδρες
1810 1954 1858 2025 ίίή-
1900 1948 1901 1951 “

1099 2066 1179 2103 κοντα
1194 2048 1240 2102 τοῦ
1256 2043 1393 2122 βασιλέως.
1437 2043 1469 2120 (t)
1485 2044 1667 2116 Καταπλήζας
1681 2043 1708 2104 δί
1720 2043 1857 2125 ίαχυρῶςίκ

1099 2131 1191 2192 τούτου
1201 2130 1247 2191 καί
1257 2130 1349 2198 τοῦςίν
1358 2139 1412 2198 τοῖς
1422 2131 1509 2199 ἄλλοις
1520 2134 1670 2209 πολίσμασι
1688 2133 1812 2210 λαμόάνει
1820 2131 1857 2189 καὶ
1900 2136 1901 2195 ᾗ

1097 2219 1202 2286 τούτους
1221 2220 1347 2300 ὁμόλογίῳ
1365 2218 1473 2287 ἑαυτούς
1490 2219 1579 2278 τεκαὶ
1593 2219 1628 2279 τὰ
1656 2220 1764 2301 φρούρια
1779 2240 1855 2298 παρα·

1100 2307 1191 2374 δόντας
1213 2306 1310 2386 άμαχί.
1353 2307 1390 2387 (ε)
1412 2307 1663 2385 Παραστησιίμενος
1677 2307 1705 2367 δέ
1723 2317 1805 2367 πάσαν
1816 2305 1855 2376 τήν

1097 2398 1177 2467 νήεον
1188 2394 1233 2454 καὶ
1245 2394 1388 2474 κατασχών
1398 2395 1504 2463 τελείως
1517 2397 1543 2454 έν
1557 2398 1746 2456 πεντεκαίδεκα
1759 2394 1855 2473 ήμίρσῑσ
1900 2408 1901 2443 3

1097 2483 1257 2561 calefiam,
1281 2481 1425 2541 διατίθεται
1436 2483 1470 2542 τδι
1487 2485 1549 2543 κατ’
1567 2484 1669 2557 αὐτὴν,
1689 2485 1732 2545 καὶ
1751 2481 1852 2565 φρουρίω
1900 2504 1901 2541 1

1098 2570 1362 2651 ίγκιιταστησάμενσς
1374 2561 1447 2639 αθθις
1458 2572 1625 2632 άπίπλευσεν
1638 2577 1663 2640 ἐς
1673 2576 1773 2650 Λήμνου
1783 2568 1854 2627 παντί

1096 2659 1135 2737 τῷ
1149 2656 1250 2737 στόλῳ,
1269 2656 1337 2737 ἔχων
1352 2657 1399 2716 καὶ
1418 2658 1477 2724 τοῦς
1498 2659 1596 2736 ἄνδρας
1613 2658 1659 2727 οῦς
1670 2657 1745 2720 έλαόε
1766 2661 1850 2726 ζῶντας

1097 2748 1148 2803 τῶν
1160 2748 1288 2827 φρουρῶν.
1332 2748 1367 2824 (ο)
1385 2736 1526 2823 Γινόμενος
1541 2749 1563 2805 δ’
1579 2750 1606 2807 έν
1625 2747 1724 2827 Λήμνῳ
1738 2742 1852 2819 ἐκπέμπει

1097 2834 1159 2892 δέκα
1167 2833 1279 2912 τριήρεις
1287 2832 1481 2916 έςῚμόρονκαὶ
1491 2833 1675 2914 δίρχονταμιτ’
1683 2837 1762 2894 αὐτῶν
1770 2828 1854 2893 Κόντον
1900 2838 1901 2843 ’

1096 2920 1164 2981 οθτω
1174 2919 1346 2999 καλούμενον.
1363 2922 1505 2989 Λυδοόίκος
1514 2922 1542 2981 δὲ
1553 2923 1681 3003 τέτταρας
1689 2922 1763 2999 μόνας
1770 2917 1855 2996 ἡμέρας

274 3016 321 3077 δύο
333 3019 385 3074 τῶν
406 3014 547 3094 μεγάλων,
563 3012 609 3071 καί
624 3011 734 3078 ὁπλίσας
753 3013 852 3087 καλῶς,
879 3007 1042 3089 στρατιώτας
1093 3010 1272 3087 ε’πιμείναςῆή
1288 3006 1392 3091 Λήμνῳ
1406 3011 1577 3091 τῇύστιραίφι
1596 3009 1738 3071 άναλαύὼν
1751 3006 1803 3075 τούς
1818 3005 1854 3064 iv·
1900 3044 1901 3085 1

267 3129 295 3164 τε
307 3108 359 3163 τῶν
374 3102 502 3183 μαχίμων
517 3099 675 3166 ἔπιύιῦάσας
689 3099 735 3158 καί
748 3096 820 3157 ὅπλα
834 3106 951 3178 παντοῖα
967 3096 1041 3156 toti·
1096 3100 1159 3178 δρας
1167 3097 1227 3162 τούς
1238 3120 1266 3155 τε
1278 3099 1308 3157 ίιι
1322 3096 1431 3175 Λήμνου
1441 3096 1501 3166 τούς
1512 3121 1542 3156 τε
1553 3101 1584 3158 ίκ
1591 3101 1688 3161 Θάσου
1697 3093 1853 3175 ζωγρηθέντας
1900 3150 1901 3163 ,

268 3217 344 3272 μενος
358 3192 402 3250 καί
415 3187 554 3269 μηχανδις,
565 3188 610 3246 καί
625 3186 771 3266 στρατηγόν
785 3184 966 3264 αὐτοκράτορα
980 3184 1041 3244 tlt·
1097 3190 1141 3243 τοῦ
1157 3185 1295 3264 βασιλέως,
1311 3184 1367 3245 ὅσοι
1382 3184 1569 3264 μήτἰπέθανον,
1589 3183 1637 3254 ξῦν
1647 3191 1685 3246 ’τῶ
1694 3187 1770 3262 λοιπῷ
1778 3180 1851 3257 στόλῳ

269 3302 346 3358 μενος
363 3277 507 3336 Λοδούίκον
528 3274 572 3333 τὸν
587 3276 755 3354 ἀδελφιδοῦν,
768 3271 795 3331 δν
810 3273 856 3331 καί
873 3271 1041 3351 πατριάρχην
1097 3270 1260 3332 ἀπέπλευσεν
1270 3271 1406 3340 έςῬόδον.
1436 3273 1469 3353 (7)
1477 3269 1787 3358 Κόντοςδέάφικόμινοςίτ
1795 3267 1849 3344 lp·
1900 3314 1901 3343 3

267 3356 489 3426 τῶνάνατολικῶν
505 3365 591 3442 μερῶν
611 3361 789 3433 κατέστησεν,
807 3360 864 3438 όίμα
878 3350 923 3437 ἦρι
940 3358 1042 3435 ίκπέμ-
1100 3359 1162 3439 ὁρον
1179 3359 1223 3428 ξῦν
1245 3370 1302 3427 ταῖς
1319 3361 1381 3420 δέκα
1394 3361 1528 3440 τριήρεσι,
1543 3360 1639 3440 λόγους
1653 3359 1781 3444 προσφέρει
1793 3359 1853 3432 ltp-
1900 3378 1901 3383 ’

1575 3449 1606 3472 {l

266 3477 319 3514 πει.
365 3453 399 3530 [ο]
418 3451 471 3511 Kal
487 3450 514 3517 ὃς
528 3449 648 3529 ἀναχθεὶς
669 3447 695 3516 ἐξ
709 3447 826 3515 Ἰταλίας
848 3446 996 3527 ἀφικνεῖται
1016 3449 1040 3514 l<
1095 3447 1213 3529 τοόούλῳ
1223 3451 1262 3530 τῷ
1270 3448 1366 3522 ταύτης
1374 3449 1586 3531 ἐπάρχοντιτίερι
1594 3451 1766 3518 ενδόστωςτῆς
1774 3442 1851 3514 νόσου,

266 3541 377 3615 Ῥόδον,
397 3540 442 3599 καί
454 3538 545 3619 μικρόν
558 3561 585 3596 τι
601 3536 738 3617 διατρίψας
751 3538 849 3610 αὐτοῦ,
863 3535 928 3616 άρας
943 3536 1040 3595 ίκεῑθτν
1096 3536 1245 3616 ἐγχειρίσας
1259 3541 1329 3616 αύτῷ
1343 3536 1388 3596 καὶ
1403 3536 1550 3619 γράμματα
1570 3518 1642 3618 περί
1650 3537 1737 3599 τούτου
1749 3537 1791 3594 τοῦ
1805 3536 1851 3591 Aa·
1900 3568 1901 3595 ς

266 3630 372 3689 ἐπιπλεῖ
388 3628 445 3694 ταῖς
463 3626 550 3697 νήσοις
569 3630 616 3685 τοῦ
631 3623 776 3703 βασιλέως,
789 3626 834 3684 καί
847 3623 990 3705 προσσχὼν
1009 3624 1040 3684 τό
1064 3570 1070 3692 ί
1095 3624 1210 3686 διόίκου.
1256 3627 1289 3704 (ε)
1315 3625 1492 3705 Κριτόόουλος
1512 3624 1540 3685 δέ
1560 3627 1668 3707 δέχεται
1687 3632 1771 3688 τοῦτον
1790 3622 1853 3702 φιλο·

264 3838 327 3875 ease.
343 3828 398 3882 Quo
410 3822 509 3882 audito,
524 3822 670 3886 preelectum
687 3819 835 3870 serneudriu
847 3820 966 3884 legatione
979 3820 1011 3870 ad
1025 3834 1109 3885 regem
1126 3819 1202 3870 minsa
1217 3832 1298 3869 arcem
1316 3819 1453 3870 tradidisse.
1466 3820 1622 3871 Deditionem
1639 3820 1771 3873 Critobulus
1782 3813 1852 3865 nanti

264 3894 310 3946 lib.
329 3901 352 3956 3,
363 3909 388 3945 c.
405 3901 429 3953 2,
445 3894 492 3944 sub
509 3907 574 3942 aurio
592 3897 662 3943 3363.
1689 3918 1691 3922 v

297 3967 374 4015 xxti.
389 3964 404 4028 §
418 3969 440 4014 3.
466 3962 609 4027 ξυνοικίσαι]
621 3963 732 4021 οἰκῆσαι,
744 3975 821 4025 supra
833 3960 918 4011 addin
934 3979 988 4023 συν,
1006 3963 1090 4013 codex.

296 4037 384 4097 xlllll,
394 4034 409 4098 §
418 4039 439 4084 t.
453 4032 578 4097 Νικόλαος]
590 4036 643 4083 imo
650 4031 771 4083 callixtus
784 4034 829 4083 lll.
842 4033 986 4083 Nicolausv
993 4034 1045 4097 jam
1056 4048 1095 4083 an.
1110 4036 1169 4083 1455
1176 4031 1242 4082 diem
1253 4030 1355 4082 obierat.
1370 4032 1381 4096 ll
1393 4058 1424 4069 —
1432 4033 1530 4098 τριήρεις
1542 4034 1675 4098 τριάκοντα]
1688 4030 1800 4091 undecim,
1808 4037 1849 4075 sec.

264 4107 360 4155 Ducam
374 4119 398 4169 p.
412 4109 467 4164 333,
480 4104 570 4167 quibus
582 4104 673 4167 inipso
684 4103 747 4153 mari
757 4105 839 4166 ὤμοιο
853 4102 1015 4166 quadraginta
1029 4104 1080 4153 tere
1094 4116 1169 4152 naves
1187 4101 1298 4165 piratico
1311 4115 1339 4151 se
1355 4102 1528 4165 adjunxerunt.
1543 4107 1582 4153 lta
1603 4118 1655 4154 rom
1671 4108 1747 4153 buces
1759 4099 1849 4149 nanti:

268 4176 308 4225 Ἐν
322 4175 347 4223 el
361 4175 439 4237 ,ςηζέ
448 4176 492 4223 ἔτει
508 4175 605 4232 ήλθασιν
620 4171 648 4223 ἐκ
658 4180 698 4233 τῆς
710 4173 804 4237 Ῥώμης
815 4176 913 4238 τριήρεις
925 4174 1006 4224 ἕνδεκα
1018 4175 1110 4238 ἔχοντες
1122 4173 1226 4237 ἰιρχηγὸν
1239 4172 1388 4237 πατριάρχην
1394 4181 1441 4232 πῆς
1453 4174 1581 4231 ’Λκουιλίας
1589 4213 1595 4236 ,
1603 4175 1740 4238 πεμφθεῖσαι
1751 4168 1808 4230 παρὰ
1817 4170 1851 4215 τοῦ
1900 4214 1901 4217 ,

264 4247 334 4297 πὰπα
349 4245 482 4295 Καλλίστου
495 4246 529 4295 εἰς
541 4245 651 4308 βοήθειαν
665 4251 713 4295 τῶν
724 4246 803 4304 νήσων
816 4251 863 4295 τῶν
874 4246 1049 4303 πλησιαζόντων
1061 4251 1109 4303 τοῖς
1121 4246 1247 4308 Τούρκοις,
1262 4243 1311 4292 οἷον
1324 4243 1420 4297 Ῥόδον.
1435 4244 1507 4305 Χίον,
1521 4245 1631 4307 Λίσόον,
1645 4250 1748 4307 Λῆμνον,
1757 4238 1851 4300 'ntum

267 4316 422 4381 Σαμοθρᾴκην
433 4318 473 4365 καὶ
485 4317 574 4366 coeo-1,
589 4317 744 4374 bariemone
758 4315 799 4365 ούν
810 4317 834 4365 ἐν
842 4316 918 4378 Ῥόδῳ
932 4319 964 4372 ὡς
975 4318 1022 4366 ύπό
1033 4318 1073 4367 τόν
1082 4317 1163 4366 πάπαν
1175 4317 1288 4363 τελοῦσαν
1300 4315 1341 4363 καὶ
1353 4314 1437 4376 φόρους
1451 4316 1483 4376 μή
1496 4316 1628 4372 θελήσασαν
1639 4316 1718 4363 δοῦναι
1733 4314 1777 4363 τοίε
1788 4305 1850 4367 totp-

263 4408 321 4445 κοις.
333 4387 389 4440 'And
398 4386 424 4436 ὁὸ
432 4386 516 4436 Ῥόδου
528 4386 657 4450 ἀπάραντες
667 4388 763 4446 ήλθαοιν
778 4388 802 4436 ir
814 4386 881 4449 Χίῳ,
903 4389 1021 4444 αἰτοῦντες
1034 4392 1077 4436 τοῦ
1090 4388 1123 4449 μή
1135 4386 1214 4435 δοῦναι
1224 4383 1306 4446 φόρους
1315 4390 1364 4441 τοῖς
1379 4385 1504 4449 Τούρκοις,
1513 4386 1572 4434 ἀλλὰ
1584 4386 1662 4450 μάχην
1671 4377 1851 4446 paturnelo·

263 4464 286 4510 ol
303 4462 324 4510 δ’
342 4460 386 4508 ούιι
402 4457 552 4515 ἐπείσθησαν·
565 4457 652 4518 ὁμοίως
667 4460 690 4507 σί
707 4459 732 4508 ίν
746 4459 833 4522 Λέσὸῳ
843 4457 884 4507 καί
895 4459 962 4507 αύτοί
976 4459 1097 4522 τδόμοια·
1109 4456 1192 4506 ἀπὸδὲ
1208 4454 1462 4518 Λέσύουόιθφοισθίντα
1474 4457 1503 4505 τὰ
1518 4462 1560 4505 τοῦ
1577 4456 1645 4509 πάπα
1663 4454 1722 4519 [καί]
1732 4457 1775 4500 τῶν
1787 4451 1851 4499 lium·

263 4533 340 4580 λαντῖιν
357 4531 398 4579 καὶ
416 4529 500 4592 ἑτέρων
513 4530 645 4592 λῃστρικῶν
664 4528 752 4579 πλοίων
766 4531 807 4580 τόν
821 4528 918 4593 ἀριθμόν
932 4530 976 4584 lar:
995 4529 1018 4591 μ’
1029 4530 1137 4592 ἀπήισαν
1150 4528 1174 4576 ίν
1186 4532 1215 4588 τῇ
1230 4526 1333 4587 Λήμνῳ,
1349 4527 1390 4575 καὶ
1403 4525 1577 4589 παραλαὸόντες
1589 4527 1631 4583 τήν
1644 4530 1714 4583 νῆσον
1730 4522 1818 4578 dilecti
1830 4517 1849 4563 ἰν

263 4599 417 4663 Σαμοθρᾴκῃ,
430 4600 470 4647 καὶ
482 4597 590 4654 λαθόντες
600 4600 640 4648 καὶ
651 4600 737 4658 ταύτην
747 4601 780 4656 εἰς
793 4601 874 4650 θάοου
889 4599 1004 4660 ἐγένοντο.
1018 4601 1065 4650 Καὶ
1078 4599 1181 4659 φύλακας
1193 4598 1292 4651 ἐνθέντες
1306 4596 1330 4645 ἐν
1345 4602 1397 4652 ταῖς
1410 4597 1490 4655 νήσοις
1503 4597 1544 4646 καί
1558 4597 1637 4651 καλῶς
1651 4592 1811 4657 &etQ-‘Mi
1822 4587 1850 4640 ‘ti

265 4671 349 4721 Ῥόδον
358 4671 515 4732 ύπίστρεψαν.
528 4670 589 4719 Τότε
598 4670 729 4734 ὁτύραννος
740 4672 821 4733 μαθὼν
833 4671 863 4719 τδι
875 4670 988 4733 γενόμενα
999 4672 1041 4731 τήν
1052 4676 1132 4720 πᾶσαν
1144 4669 1220 4718 αἰτίαν
1233 4672 1268 4729 τῷ
1278 4667 1374 4729 ήγεμόνι
1383 4672 1424 4725 τῆς
1434 4667 1528 4716 Λίσόου
1537 4667 1693 4730 κατέγραψεν,
1702 4660 1776 4717 τισὶ-ὅθ
1786 4657 1851 4719 μάλλ’

264 4742 376 4805 κρατερὰν
387 4740 500 4797 ένατήσας
513 4737 567 4789 κατ’
576 4740 648 4789 αὐτοῦ
660 4742 744 4791 στόλον
756 4741 875 4803 ἀπαρτίζει
887 4743 973 4805 βαρύν,
985 4744 1025 4792 καὶ
1039 4747 1073 4805 τῷ
1086 4740 1216 4803 Αὐγούστῳ
1227 4740 1281 4801 μηνὶ
1292 4739 1379 4798 πέμπει
1393 4743 1476 4787 τοῦτον
1490 4740 1514 4787 ἰν
1526 4739 1627 4801 Λίσόῳ,
1638 4738 1699 4798 ἔχων
1712 4730 1807 4798 ἀρχηγὸν
1817 4728 1851 4777 τὸν

265 4814 368 4873 lopati
376 4814 416 4875 (v.
428 4810 523 4860 critob.
535 4815 559 4871 3,
569 4825 592 4860 e.
605 4813 652 4873 td).
663 4810 872 4875 Gbalcocondylns
881 4828 905 4877 p.
916 4818 962 4864 439
974 4818 1064 4878 preater
1072 4813 1183 4864 Thasum
1191 4848 1197 4869 ,
1206 4813 1325 4859 Lemnum
1337 4811 1362 4857 el
1375 4808 1549 4857 Sarnotbracen
1561 4807 1635 4857 etiam
1645 4803 1752 4859 imbrum
1760 4796 1850 4849 insulan

265 4895 280 4933 a
292 4882 386 4935 Latinis
396 4886 542 4945 occupatam
556 4895 610 4932 esse
621 4881 693 4942 dicit,
704 4882 785 4947 paulin
794 4887 850 4947 post
860 4897 931 4944 vero,
944 4899 1022 4948 quum
1034 4884 1120 4935 elassis
1134 4881 1248 4933 ilbodum
1261 4879 1377 4939 abiisset,
1388 4878 1516 4928 ismaelem
1526 4881 1646 4928 Lemnum
1662 4879 1688 4926 et
1697 4873 1799 4926 imbrum
1815 4877 1849 4915 ¹0·

266 4965 395 5018 cuperaese
404 4991 410 5012 ,
420 4951 509 5001 deinde
521 4966 535 5001 n
547 4954 641 5015 dagano
652 4953 727 5003 etiam
736 4955 844 5003 Thasum
856 4957 881 5004 ot
893 4955 1068 5005 Samothracen
1081 4955 1106 5005 in
1118 4954 1238 5004 ditionem
1250 4951 1332 5000 denuo
1345 4949 1458 5000 redactas
1466 4962 1528 4999 esse.
1541 4946 1682 4999 Critobulus
1697 4940 1849 4994 sandbroc

265 5022 291 5074 b.
303 5024 321 5073 l.
333 5025 432 5073 omnino
441 5036 489 5072 nou
501 5022 613 5073 meminit
624 5023 788 5088 (quamquam
797 5039 846 5074 nnn
858 5038 915 5074 curn
926 5024 1006 5074 Tlraso
1019 5024 1093 5074 etiam
1101 5023 1165 5073 banc
1177 5022 1305 5073 insulamn
1314 5020 1406 5071 Latinis
1417 5023 1563 5083 occupatam
1571 5031 1625 5069 osse
1634 5031 1649 5067 e
1659 5016 1714 5067 libr.
1721 5018 1745 5076 3,
1757 5023 1804 5073 catti·
1816 5008 1847 5059 ¹⁷·

267 5098 282 5143 t
294 5093 415 5157 colligas);
424 5105 503 5157 neque
512 5092 646 5156 quidquam
653 5094 722 5143 novit
731 5094 762 5144 dc
775 5094 878 5144 ismaele
890 5094 1000 5144 Imbrum
1016 5097 1042 5144 et
1054 5097 1173 5145 Lemnum
1187 5096 1361 5157 recuperante,
1371 5090 1415 5140 sed
1426 5092 1536 5141 imbrum
1547 5102 1594 5138 sua
1604 5082 1797 5139 somniaturos
1808 5088 1843 5125 ’θ’

266 5167 362 5219 ratam,
378 5176 392 5211 e
405 5164 496 5212 Lemno
508 5167 591 5212 autem
607 5176 652 5212 sun
663 5163 740 5227 ipsius
753 5177 828 5228 opera
838 5165 937 5213 Latinos
947 5164 1030 5228 pulsos
1042 5177 1096 5215 csso
1109 5166 1192 5213 narrat
1206 5163 1258 5227 (llb.
1276 5166 1300 5222 3,
1316 5174 1369 5224 cap.
1384 5174 1407 5210 c.
1422 5164 1450 5209 rt
1461 5174 1490 5225 sq
1500 5160 1519 5223 i.

297 5230 347 5296 §2
364 5231 504 5296 ἀφικνεῖται]
517 5233 552 5283 uic
561 5245 625 5295 tngo,
635 5235 739 5299 καταίρει
752 5238 813 5284 texi.
830 5234 841 5297 ll
857 5261 883 5269 —
898 5234 971 5299 νεεδ]
983 5237 1052 5286 νεωδ.
1069 5234 1125 5287 cad.
1138 5236 1149 5298 Ι]
1162 5233 1219 5298 -§
1236 5237 1260 5285 6.
1271 5230 1437 5297 ζωγρηθέντας]
1457 5232 1494 5281 sio
1505 5242 1576 5294 tngo,
1596 5229 1717 5293 ληφθέντας
1734 5223 1789 5274 leil·
1803 5216 1847 5281 θ’·
