3842 6036
457 491 509 551 DE
531 487 738 549 ROSSORUM
760 487 991 548 INCURSIONE
1013 485 1175 549 nomm
1198 488 1223 550 1.
1587 489 1648 550 ἐθθ

33 624 80 697 τήν
101 624 256 708 βομφαίαν·
274 623 304 684 τθ
318 623 390 692 τόξον
413 621 567 681 ἰντιίνεται·
584 619 622 696 μή
642 617 691 690 τήν
708 642 813 699 μακρο-
867 619 980 692 πλησίον
1002 619 1100 679 πάθεσι
1126 621 1243 698 συνεχῶς
1267 619 1356 697 ἀλγιῖν
1378 618 1425 678 καί
1445 628 1648 701 σπαράσσεσθαι

33 712 126 793 θυμίαν
137 711 268 796 ἀφορμήν
282 711 499 793 καταφρονήσεως
509 708 626 782 λάόητε,
638 708 676 785 μή
685 706 755 767 κατίι
765 710 813 779 τής
867 706 916 779 τήν
927 707 1029 789 ψυχήν.
1071 710 1130 769 Ποῦ
1139 712 1184 765 νῦν
1198 705 1321 786 βασιλεύς
1331 712 1345 768 ὁ
1355 709 1537 788 φιλόχριστοςς
1550 715 1603 771 τοῦ
1614 709 1647 767 τά

33 801 210 880 χρηστότητος
224 798 416 881 πονηρεύησθε·
440 799 510 857 ἀλλὰ
525 799 581 863 πῶς
595 798 670 873 ύμῶν
683 795 730 863 τίις
742 819 814 877 καρ-
868 797 1052 876 στρατόπεδας
1065 801 1116 855 ποῦ
1128 795 1162 856 τθι
1173 795 1244 856 ὅπλα
1252 841 1261 869 ,
1270 797 1304 855 τδι
1317 795 1518 875 μηχανήματα,
1530 801 1558 856 αί
1568 820 1648 879 στρα-

36 889 88 956 δίας
108 888 163 962 ήδη
185 887 399 970 φλεγμαινούσας
415 885 542 957 ἐπιξέσοι;
557 883 606 964 (νο)
627 873 669 943 Ἦ
695 887 813 963 κρεῖττον
866 885 976 963 τηγικαί
999 884 1094 966 βουλαί
1118 907 1147 943 τε
1169 884 1215 944 καί
1238 884 1420 963 παρασκευαίς
1445 888 1475 944 οὗ
1503 885 1647 966 βαρόείρων

35 983 75 1036 νῦν
89 975 286 1053 ἀλγυνομένους
299 972 442 1047 ἐπιπλῆξαι
455 972 473 1045 ἢ
487 973 585 1033 ἐκεῖθεν
608 973 813 1049 ἀνεπιτιμήτους
867 972 955 1032 ἄλλων
969 973 1060 1050 ίφοδος
1081 975 1122 1054 ἐφ’
1136 972 1232 1043 ἑαυτήν
1255 978 1340 1032 ταῦτα
1358 973 1445 1034 πάντα
1461 976 1607 1050 μετίστησέ
1617 998 1646 1035 τε

34 1066 103 1133 δίκας
127 1064 273 1145 θφέξοντας
298 1063 494 1145 παραπέμψαι,
518 1062 566 1121 καί
593 1060 641 1132 τὴν
676 1066 813 1141 παροῦσαν
865 1062 911 1122 καί
926 1063 1126 1139 μεθειλκύσατο)
1142 1062 1189 1140 (τε)
1210 1063 1265 1123 Καί
1286 1063 1409 1141 βασιλευς
1426 1057 1474 1139 μίν
1496 1063 1647 1145 ὑπερορίους

34 1154 167 1234 συμφοράν
182 1157 232 1213 τοῦ
247 1151 312 1233 πρθς
333 1155 402 1230 ὑμᾶς
416 1148 527 1230 ἐλίγχσυ
552 1147 675 1231 συνεργὸν
690 1152 811 1229 προσλα-
865 1152 959 1217 πόνους
972 1151 1018 1210 καί
1032 1149 1149 1231 μακρούς
1165 1152 1280 1232 άνατλᾷ,
1293 1151 1431 1230 συναπήρέ
1443 1174 1472 1211 τε
1487 1152 1534 1211 καί
1550 1175 1645 1212 σαντα.-

35 1240 89 1302 ύεῖν
102 1245 122 1313 ἦ
135 1239 342 1312 θιιυλαύηθίντα
360 1242 391 1300 τὸ
408 1238 491 1307 πάθος
507 1238 688 1315 ἀνεξέλεγκτον
702 1239 813 1297 καταλι·
865 1240 997 1320 λαιπωρεῖ
1010 1240 1040 1299 τὸ
1051 1238 1255 1313 στρατιωτικόν·
1265 1243 1336 1315 ήμῦς
1351 1241 1379 1298 δε
1394 1248 1409 1299 θ
1423 1243 1483 1299 κατ’
1496 1239 1647 1321 θφθαλμοίςς

35 1337 93 1390 τιῖν
106 1328 296 1402 τθάιτιιθῆσαν
313 1330 360 1388 καί
380 1326 544 1408 ήμαρτηιιός.
586 1329 613 1387 Τ
615 1328 624 1385 ί
638 1316 697 1399 οῧνς
710 1329 813 1387 ἐνουθε-
866 1327 972 1407 όλεθρος
992 1328 1037 1388 καλ
1059 1328 1134 1409 φόνος
1161 1329 1284 1412 δαπανᾷ,
1299 1329 1352 1394 τοῖς
1375 1329 1423 1405 μὲν
1446 1327 1578 1401 ἐπελθὼν,
1592 1336 1646 1398 τοῖς

35 1418 171 1497 τήσαμεν,
184 1416 387 1490 ήπειλήσαμεν,
403 1418 461 1475 θεον
482 1414 644 1495 λέγοντες·δ
660 1414 717 1481 θεὸς
735 1419 812 1493 ήμῶν
866 1416 890 1474 δ’
903 1417 955 1490 ήδη
976 1418 1162 1499 ἐπερχόμενος.
1205 1417 1252 1498 (νο)
1266 1416 1488 1478 ΤὸδέΣκυθικὸν
1506 1423 1585 1479 τοῦτο
1596 1420 1645 1480 καί

36 1507 170 1582 ζηλωτής,
190 1504 378 1586 μακρόθυμος,
400 1503 459 1563 ἀλλ’
473 1503 519 1563 ἐδιν
540 1506 665 1584 ὀργισθῇ,
683 1502 722 1571 τίς
745 1507 812 1563 ὑπο·
866 1506 939 1581 ιθμδν
954 1506 1025 1574 ἔθνος
1037 1506 1084 1566 καί
1102 1505 1237 1586 βάρόαρον
1252 1505 1278 1575 ἐξ
1296 1506 1384 1565 αὐτῶν
1402 1509 1455 1565 τῶν
1478 1510 1527 1580 τῆς
1542 1508 1645 1576 πολεως

38 1596 171 1669 ατήσεταις
193 1596 245 1674 ίιν)
261 1598 358 1655 Ταῦτα
379 1595 485 1675 ἔλεγον,
507 1593 578 1669 ἀλλ’,
598 1596 634 1663 ὣς
655 1593 755 1665 ἰοεκεν,
776 1594 813 1660 εἰς
866 1593 1010 1675 ἐξερπύσαν
1023 1593 1195 1674 προπυλαίων
1209 1599 1299 1671 μονιοῦ
1315 1593 1391 1667 δίκην
1408 1594 1502 1673 ἀγρίου
1521 1594 1556 1654 τὰ
1569 1595 1646 1676 πέριξ

36 1689 84 1762 πῦρ
94 1684 210 1754 finum·
225 1687 305 1743 τοῦτο
317 1684 370 1764 γάρ
386 1705 431 1758 μοι
445 1681 474 1739 τὸ
484 1688 538 1767 ,νῦν
560 1673 644 1755 εἰναι,
659 1686 694 1748 ῶς
708 1680 760 1740 εἰθε
773 1682 811 1760 μή
868 1685 950 1754 αὐτῆς
963 1683 1174 1760 κατενεμήσατσ.
1218 1682 1267 1750 Τίς
1282 1672 1327 1743 σύν
1338 1685 1415 1759 ἡμῶν
1429 1686 1645 1763 προπολεμήσας

37 1770 143 1852 ὄφελεν,
160 1772 399 1854 παροιμιάσασθαι
421 1770 539 1850 καίριον·
553 1774 584 1829 οδ
604 1769 655 1849 γάρ
679 1770 811 1851 ἐπεστρά-
866 1772 907 1839 τίς
932 1771 1172 1852 ἀντιταρατάξιται
1200 1780 1253 1839 τοῖς
1283 1772 1401 1852 ἐχθροῖς;
1429 1773 1541 1832 Πάντων
1570 1773 1648 1853 ἡμεῖς

2 1944 3 1947 ρ
38 1862 178 1941 ρητε,οἰνδέ
197 1861 395 1939 μετεναήσατε,
410 1858 470 1918 ἀλλ’
483 1857 630 1939 ἰόαρύνατε
649 1857 682 1917 τίι
696 1847 754 1917 ῶτα
767 1865 813 1919 τοῦ
868 1863 979 1941 ἔρημοι,
1000 1859 1167 1941 πανταχόθεν
1196 1858 1399 1940 ἐξηπορημέιοι.
1441 1862 1490 1927 Τίς
1512 1860 1645 1933 ἐξισωθείη

37 1948 68 2025 μή
81 1949 229 2010 εἰσακούειν
243 1948 322 2027 λόγον
335 1948 436 2027 κυρίου.
481 1948 530 2026 (ιε)
546 1946 597 2007 Διά
610 1952 687 2006 τοῦτο
704 1946 812 2027 ἐξεχύθη
868 1953 961 2029 θρῆνος
988 1950 1045 2017 ταῖς
1076 1956 1237 2030 συμφοραῖς)
1267 1955 1342 2007 ποῖον
1371 1947 1503 2029 ἐξισχύσει
1533 1949 1645 2024 δάκρυον

37 2040 71 2118 ἐφ’
87 2044 156 2117 ἡμᾶς
180 2042 196 2099 θ
220 2037 305 2115 θυμὸς
330 2040 408 2097 αῦτοῦ
432 2035 478 2094 καί
501 2036 679 2116 ἰγρηγόρησεν
706 2037 733 2094 ἐν
756 2046 813 2103 ταῖς
868 2039 1015 2119 ἐπαρκέσαι
1032 2036 1099 2117 πρδς
1119 2037 1149 2096 τδ
1175 2038 1285 2116 μέγεθος
1300 2039 1353 2096 τῶν
1373 2038 1644 2117 περιστοιχισαμένων

36 2127 169 2206 δμαρτίαις
191 2131 289 2205 ἡμῶν,
310 2125 357 2184 καὶ
373 2124 404 2185 τδ
417 2126 558 2205 πρόσωπον
580 2126 659 2183 αὐτοῦ
678 2122 812 2205 ἐστήριξεν
866 2131 938 2205 ἡμᾶς
952 2130 1102 2207 δυσχερῶν;
1122 2124 1169 2204 (ει)
1183 2125 1269 2207 Δεῦρό
1284 2147 1329 2202 μοι
1349 2128 1402 2184 τῶν
1416 2129 1558 2208 προφητῶν
1572 2149 1646 2203 συμ-

37 2216 159 2296 ίφ’ήμάς.
202 2244 217 2275 ε
230 2216 319 2294 Οίμοι
332 2214 373 2275 ὅτι
387 2212 708 2295 ἐμακρύνθηὴπαροικία
723 2235 775 2289 μου
789 2239 812 2284 ν,
867 2215 1032 2276 παθίστατε·
1052 2214 1229 2294 συνθρήνησον
1255 2211 1305 2286 τήν
1319 2212 1517 2295 Ἰερουσαλήμ,
1542 2216 1571 2274 ού
1598 2214 1645 2288 τήν

35 2304 75 2362 καὶ
87 2306 123 2382 μή
135 2314 247 2388 μακρᾶς
261 2304 342 2374 υύσης
358 2302 427 2380 μετίι
447 2308 494 2375 τοῦ
513 2302 660 2384 ψαλμιρδοῦ
681 2302 814 2381 βοήσομαι
866 2303 985 2362 παλαιδιν
1000 2304 1117 2379 ἐκείνην,
1130 2303 1218 2371 έθνους
1237 2302 1293 2370 ἐνὸς
1314 2303 1345 2362 ἐκ
1365 2313 1426 2379 μιᾶς
1452 2302 1524 2382 ῥίζης
1544 2302 1646 2363 δώδεκα

37 2394 111 2455 θαυίδ
130 2395 193 2475 )Ρσ.
213 2414 287 2471 ιε9,
301 2393 343 2468 5),
356 2387 813 2473 ἐμακρύνθη·ότιοθκείσηκούσθην
866 2392 980 2472 στελέχη
997 2391 1195 2472 βλαστήσαντος
1216 2391 1264 2462 τήν
1287 2391 1468 2472 μητρόπολιν,
1486 2391 1555 2452 ἀλλθι
1579 2416 1648 2472 συμ-

38 2486 208 2562 παρακαλῶν,
224 2481 270 2541 ὅτι
282 2480 359 2561 νέφος
374 2478 514 2559 βαρόάρυιν
529 2481 583 2560 δρῶ
597 2486 651 2545 τοῖς
665 2478 816 2554 πταίσμασι·
866 2480 954 2554 πάσης
977 2484 1025 2552 τῆς
1049 2483 1218 2558 οἰκουμένης,
1238 2479 1338 2553 ὁπόσην
1352 2485 1367 2540 δ
1386 2484 1556 2562 Χριστιανῶν
1576 2483 1647 2560 λαμ·

2 2650 3 2653 ρ
37 2570 276 2655 καταξηρανθεῖσαν
296 2570 347 2639 τὴν
369 2568 444 2628 πόλιν
467 2571 544 2642 ήμῶν
562 2568 616 2634 τοῖς
629 2566 741 2644 αίμασιν
755 2567 813 2624 ἐπι·
866 2571 957 2652 πρόνει
971 2568 1083 2648 θεσμδς,
1095 2568 1144 2641 τήν
1157 2569 1244 2649 χρόνῳ
1258 2569 1304 2627 καί
1318 2569 1410 2629 κάλλει
1425 2568 1471 2628 καί
1483 2568 1587 2649 μεγέθει
1601 2572 1647 2630 καί

38 2660 175 2729 κλάζοντας.
221 2657 274 2739 (ιν)
291 2657 374 2735 Οίμοι
388 2655 428 2716 ότι
447 2657 490 2717 ίπί
506 2656 607 2722 τούτοις
628 2655 813 2737 ἐφυλαττόμην
866 2659 1050 2737 λαμπρότητι,
1076 2656 1258 2736 πολυπληθείιρ
1282 2678 1310 2714 τε
1336 2661 1388 2716 τῶν
1413 2657 1579 2717 ἐνοικούντων
1601 2659 1647 2717 καί

37 2752 83 2815 τοῖς
94 2757 182 2817 κακοῖς
198 2748 272 2827 ἐγὼ,
287 2744 327 2805 ότι
338 2774 351 2800 ε
362 2745 522 2824 ἐγενήθημεν
532 2745 627 2810 όνειδος
638 2745 691 2812 τοῖς
701 2745 813 2820 γείτοσιν
866 2746 1025 2826 πολυτελείᾳ
1040 2745 1231 2814 δεσπόζουσαν·
1242 2743 1419 2825 συνθρήνησόν
1431 2767 1476 2823 μοι
1485 2743 1585 2817 ταύτην
1596 2747 1645 2819 τήν

2 2834 3 2927 ᾗ
37 2838 117 2912 ήμῶν,
129 2834 320 2916 μυκτηρισμδς
333 2833 379 2894 καί
390 2833 542 2915 χλευασμὸς
550 2833 603 2899 τοῖς
613 2832 703 2913 κύκλῳ
712 2837 789 2911 ήμῶν
799 2862 812 2886 ν
868 2834 1059 2913 Ἰερουσαλήμ,
1073 2836 1123 2914 σιἰχ
1139 2833 1256 2893 ἁλοῦσαν
1271 2832 1322 2906 ήδη
1339 2833 1384 2892 καλ
1400 2833 1489 2914 χαμαί
1500 2838 1645 2912 πεσοῦσαν,

2 2942 3 2963 ¹
38 2923 88 2999 )ἰ)ε.
103 2929 153 3000 78,
168 2923 422 3005 ι’.),ὅτιβαρόάρων
437 2925 546 2991 άπιστος
559 2922 653 3003 δρόμος
669 2925 717 2983 οὐκ
732 2923 813 2982 ἔδωκε
866 2921 927 2981 ἀλλ’
941 2921 1017 3002 ἐγγύς
1030 2921 1155 3001 κειμένην
1173 2926 1219 2980 τοῦ
1238 2920 1339 2981 ἁλῶναι
1364 2921 1410 2981 καί
1435 2924 1488 2988 τοῖς
1507 2921 1647 3000 δρωμένοις

38 3013 148 3095 τῇφήμη
163 3014 264 3095 καιρὸν
282 3010 469 3090 ἀγγελίας,δις
483 3010 515 3071 άν
529 3034 569 3077 τις
584 3009 716 3089 ἀσφάλεια
739 3032 811 3090 περι·
865 3011 1090 3088 κατασειομένην·
1113 3008 1290 3091 συνθρήνησον
1310 3007 1360 3081 τήν
1378 3009 1502 3090 βασιλίδα
1520 3013 1573 3069 τῶν
1594 3012 1644 3069 πό·

38 3104 145 3178 νσηθιίη,
159 3104 232 3163 ἀλλδι
248 3100 397 3181 σύνδρομον
419 3099 497 3180 ίσχεν
511 3105 528 3172 ἡ
544 3099 591 3159 θέα
610 3099 657 3171 τήν
673 3098 754 3171 ἀκοήν
768 3100 813 3159 καί
867 3103 950 3173 λεων,
963 3100 1010 3159 σῦκ
1025 3099 1195 3180 αἰχμάλωτον
1208 3096 1360 3177 ἀγομένην,
1372 3097 1441 3157 ἀλλά
1454 3102 1500 3170 τῆς
1514 3099 1646 3179 σωτηρίας

39 3190 249 3266 τθτεπσνθέναι,
263 3190 366 3271 χώραις
381 3189 478 3255 πόσαις
495 3188 644 3268 ἐθναρχίαις
662 3211 692 3247 τε
705 3188 752 3248 καί
765 3212 814 3247 πο·
866 3186 970 3256 ἐλπίδος
983 3186 1235 3268 ήχμαλωτισμίνην.
1277 3185 1456 3265 (ασ)Ζήτησον
1470 3184 1541 3267 ὕδωρ
1554 3190 1588 3268 τῇ
1601 3210 1646 3246 κε-

39 3290 121 3356 ταμοῐς
133 3279 310 3361 ναυσιπόροις
328 3278 374 3338 καί
394 3277 528 3355 ἀλιμένοις
541 3275 670 3355 πελάγεσι
682 3278 736 3335 τῶν
750 3278 812 3336 θπε-
866 3278 938 3358 φαλῇ
951 3277 998 3335 καί
1015 3274 1102 3355 πηγδις
1124 3273 1245 3354 δακρύων
1265 3278 1318 3341 τοῖς
1333 3274 1496 3354 ὀφθαλμοῖς,
1510 3273 1555 3333 καί
1578 3297 1645 3354 συμ·

39 3368 162 3429 λυσάντων
178 3366 382 3449 διειργομένων.
425 3365 473 3445 (ου)
491 3363 574 3441 Οίμοι
593 3364 634 3425 ότι
655 3363 725 3430 ίθνος
740 3366 813 3442 ῶμδν
866 3364 1012 3439 πένθησον·
1033 3364 1080 3423 καί
1103 3362 1232 3434 πίνθησον
1257 3363 1299 3422 ἐπ’
1318 3364 1400 3441 αὐτῇ,
1420 3359 1462 3422 ὅτι
1483 3390 1496 3414 ι
1517 3364 1647 3425 κλαίουσα

2 3472 3 3523 3
39 3458 77 3515 καὶ
88 3460 217 3539 ἀνήμερον
227 3459 275 3517 ἀπ’
285 3456 373 3523 ἀδείας
385 3457 438 3534 δρῶ
449 3458 497 3525 ιη”ς
510 3454 612 3521 πόλεως
625 3453 811 3534 περιχεόμενον
866 3453 992 3513 ίιιλαυσεν
1013 3455 1041 3513 έν
1063 3451 1152 3528 νυκτί,
1168 3451 1215 3512 καί
1236 3450 1271 3512 τθι
1295 3450 1397 3530 δάκρυα
1422 3452 1504 3524 αὐτῆς
1525 3452 1571 3512 ἐπί
1593 3455 1646 3512 τῶν

2 3602 3 3605 ,
39 3544 77 3603 καί
91 3545 188 3628 τάπρδ
205 3552 258 3620 τῆς
280 3544 382 3611 πόλεως
396 3543 569 3621 ληιζόμενοι,
584 3542 673 3602 πάντα
695 3548 812 3622 φθεῖρον,
866 3542 995 3621 σιαγόνων
1019 3545 1119 3621 αὐτῆς,
1143 3539 1189 3600 καί
1221 3542 1270 3620 οὐχ
1299 3539 1414 3622 ὑπάρχει
1439 3543 1454 3599 ό
1481 3544 1646 3621 παρακαλῶν

2 3652 3 3717 ᾗ
39 3637 115 3693 πάντα
133 3634 351 3712 λυμαινόμενον,
377 3631 485 3713 ἀγροὺς,
505 3631 607 3707 οἰκίας,
632 3631 810 3712 βοσκήματα,
866 3633 948 3705 αῦτήν
964 3658 977 3685 ν
993 3631 1114 3711 (Thren.
1136 3651 1161 3701 1,
1177 3627 1451 3709 α),ότιεᾶμαρτίαν
1465 3628 1584 3710 ἥμαρτεν
1598 3628 1646 3691 Ἱε-

39 3721 170 3804 θτοζύγια,
193 3725 313 3805 γύναια,
333 3721 483 3801 παιδάρια,
503 3719 671 3800 πρεσύύτας,
694 3720 813 3795 νεανίας,
867 3718 1020 3798 ρουσαλήμ,
1035 3717 1078 3778 διά
1092 3723 1169 3777 τοῦτο
1189 3719 1225 3784 εἰς
1244 3714 1324 3775 σάλον
1340 3716 1443 3795 θγένετο
1458 3744 1470 3770 ν
1487 3717 1540 3795 (lb.
1560 3739 1587 3790 1,
1603 3720 1644 3796 8),

2 3824 3 3891 j
40 3808 76 3870 διά
94 3813 198 3874 πάντων
217 3812 252 3872 τὸ
269 3810 341 3892 ξίφος
363 3809 530 3888 ὠθούμενον,
553 3808 654 3876 οῦδενθς
677 3809 813 3887 λαμόάνον
865 3809 910 3867 καί
933 3811 957 3868 οἱ
981 3807 1123 3882 τεθηπότες
1150 3807 1232 3877 αὑτῆς
1263 3802 1312 3877 τήν
1339 3803 1416 3884 ἰσχύν
1439 3805 1645 3886 θξεμυκτήρισαν

2 3896 3 3971 ᾗ
40 3889 251 3975 νίιιτον,οῦδενδς
265 3900 428 3981 φειδόμενον.
451 3896 593 3977 Παγγενής
611 3903 628 3970 ή
644 3897 810 3979 καταφθορά,
866 3896 963 3971 αὐτήν,
982 3895 1023 3956 ότι
1046 3894 1214 3965 ἐξαπέστειλε
1230 3892 1320 3975 κύριος
1343 3899 1397 3974 πῦρ
1421 3895 1448 3953 ἐν
1473 3903 1528 3965 τοῖς
1547 3897 1646 3963 ὀστέοις

41 3988 158 4069 θεάκρίς
179 3992 208 4049 ίν
232 3989 319 4069 ληίῳ,
338 3986 384 4047 καί
408 3989 444 4054 ὡς
466 3986 578 4067 ἐρυσίόη
603 3990 629 4046 ἐν
656 3988 811 4063 ἀμπελῶνι,
866 3989 948 4058 αθτῆς
961 3985 1007 4046 καί
1019 3985 1131 4064 έύάρυνε
1146 3984 1191 4044 τὸν
1205 3982 1280 4063 ζυγόν
1295 3985 1375 4044 αῦτοῦ
1389 3984 1433 4043 ἐπί
1452 3984 1497 4045 τδν
1512 3984 1646 4066 τράχηλον

42 4076 172 4146 μᾶλλονδὲ
188 4081 226 4145 όις
245 4074 372 4156 πρηστὴρ
394 4074 412 4146 ἢ
425 4075 516 4156 τυφὼν
529 4074 547 4146 ἣ
561 4074 721 4155 χειμάρρους
734 4072 752 4145 ή
766 4076 812 4133 οὐκ
865 4077 957 4152 ήμῶν,
972 4077 1018 4134 καί
1033 4076 1155 4133 «ἔδωκεν
1170 4073 1197 4130 ἐν
1213 4070 1305 4152 χερσίν
1320 4073 1396 4149 ἡμῶν
1409 4070 1502 4138 θδύνας
1514 4099 1527 4125 ν
1540 4072 1598 4155 (lb.
1616 4095 1644 4146 ν,

43 4150 85 4220 οἰδ
94 4164 109 4222 δ
125 4189 152 4224 τι
164 4166 235 4226 είπω
250 4167 287 4231 εἰς
300 4161 348 4234 τήν
362 4162 454 4243 χώραν
477 4165 553 4239 ήμῶν
575 4163 697 4223 εἰσπεσὸν
721 4164 813 4230 αὐταῖς
871 4165 933 4244 ιθ),
949 4162 1023 4231 θςοθ
1039 4161 1207 4240 δυνησόμεθα
1221 4164 1379 4233 ὑποστῆναι.
1423 4161 1473 4239 (τε)
1493 4160 1647 4243 Συνθρήνη-

41 4263 130 4325 γενεαῖς
142 4254 202 4323 τοῦς
216 4261 407 4319 κατοικοῦντας
421 4251 555 4313 ἀνάλωσε.
598 4255 645 4331 ήει)
660 4253 813 4333 Μακαρίζω
867 4266 926 4326 σον,
941 4253 982 4312 ότι
1003 4250 1121 4321 θξελιπον
1137 4253 1165 4310 ἐν
1179 4248 1305 4329 δάκρυσιν
1327 4253 1352 4310 οἱ
1372 4249 1504 4331 ὀφθαλμοί
1519 4273 1585 4329 μου·
1604 4278 1615 4304 ι
1630 4257 1647 4323 ἧ

2 4412 3 4421 γ
43 4338 94 4407 ’ὧν
104 4346 148 4414 τῆς
161 4343 338 4421 παλαμναίας
351 4338 397 4400 καί
413 4339 548 4422 βαρόάρου
567 4340 654 4422 χειρός
677 4340 751 4421 ἔργον
766 4366 813 4420 γε·
866 4341 953 4402 κοιλία
962 4363 1013 4419 μου
1023 4340 1158 4420 ἐταράχθη
1167 4337 1212 4398 καί
1223 4337 1365 4419 ἐστράφηή
1376 4339 1472 4417 καρδία
1480 4362 1531 4417 μου
1539 4341 1566 4398 θν
1573 4340 1646 4415 ἐμοί,

2 4448 3 4515 )
41 4429 150 4505 τανύσας,
164 4434 207 4492 ότι
226 4429 383 4505 τεθνηκότες
397 4437 494 4489 θᾶσσον
511 4429 631 4507 διέφυγον
654 4428 702 4503 τήν
724 4430 812 4489 συναί·
865 4425 1369 4513 ότιπαραπικραίνουσαπαρεπίκρανα.
1385 4425 1646 4500 Ἔξωθενήτέκνωσέ

2 4518 3 4559 1
42 4519 123 4589 σθησιν
133 4524 185 4579 τῶν
196 4518 475 4599 κατασχόντωνήμθς
485 4519 649 4578 ἀνελπίστων
662 4523 813 4600 συμφορῶν.
868 4543 901 4598 με
916 4519 1038 4599 μάχαιρα
1052 4546 1064 4570 ι·
1079 4517 1125 4577 καί
1139 4545 1151 4570 κ
1164 4514 1289 4588 διήνοιξεν
1306 4517 1348 4575 ἐπ’
1362 4517 1409 4593 ἐμὲ
1423 4520 1437 4574 δ
1452 4517 1544 4597 ἐχθρὸς
1557 4515 1644 4592 στόμα

43 4603 107 4664 Εἰθέ
120 4600 287 4682 αἰσθησιςήν
303 4608 391 4675 αὐτοῖς
405 4607 506 4677 τούτοις
520 4608 719 4687 ἀποιχομένας,
733 4608 811 4686 ἐθρή·
869 4606 949 4668 αὐτοῦ
972 4607 1017 4667 καί
1042 4604 1148 4687 ἰόρυξεν
1179 4603 1285 4670 ἰδόντας
1308 4604 1354 4662 καί
1383 4593 1455 4663 εἷπε·
1480 4602 1646 4682 καταπίομαι

2 4742 3 4751 ,
43 4695 293 4764 νησανάνκάιιεῖνοε
307 4695 354 4755 σθν
367 4696 426 4773 1μυί
437 4695 497 4764 τούς
511 4696 551 4755 έτι
563 4695 718 4777 περιόντας,
735 4687 772 4755 ῶν
785 4720 813 4756 τε
868 4694 1056 4773 αῦτήννήίί).
1080 4695 1189 4769 2,16).
1233 4692 1282 4772 (σε)
1302 4690 1343 4752 Ὦ
1360 4692 1435 4760 πόλις
1448 4691 1569 4770 βασιλὶς,
1585 4689 1646 4751 σίων

43 4778 80 4837 διδ
89 4785 182 4851 παντὸς
191 4786 332 4864 πάσχωσι
342 4784 386 4843 καί
397 4784 458 4845 σίων
467 4786 595 4863 ἀλγεινῶν
604 4784 814 4858 ἀναπλησθέντες
868 4787 958 4844 κακῶν
973 4784 1146 4864 περικίχυται
1160 4778 1313 4860 ὄχλος·καί
1327 4778 1361 4839 τθ
1379 4777 1414 4838 σίι
1428 4783 1476 4851 τής
1488 4779 1589 4846 κοιλίας
1602 4781 1646 4859 ἐγ·

2 4906 3 4927 ι
44 4868 85 4926 νίκ
97 4872 330 4946 ἀπαλλάσσονται,
343 4871 389 4931 καί
409 4874 435 4930 ἰν
449 4863 472 4955 ᾧ
491 4878 628 4947 ζητοῦντες
643 4874 688 4934 τὸν
703 4875 813 4941 θάνατον
868 4895 933 4954 γονα
944 4872 990 4932 καί
1004 4870 1038 4932 τά
1050 4872 1102 4952 πρὸ
1113 4875 1158 4929 τοῦ
1171 4869 1277 4942 ἄστεος,
1288 4867 1331 4948 [δ]
1341 4869 1472 4950 λαμπρῶς
1481 4870 1647 4940 ἐπεπόλιστο,

2 5000 3 5003 =
44 4956 87 5034 νἐχ
99 4961 256 5041 εὑρίσκουσι.
301 4960 350 5041 (υτ)
366 4962 462 5043 Πολλῷ
480 4960 532 5040 γδιρ
558 4964 729 5045 αἱρετώτερον
744 4963 815 5033 άπαξ
868 4960 977 5041 λαγόνες
1000 4961 1137 5032 θαλάσσης
1158 4958 1205 5018 καὶ
1228 4957 1310 5038 πυρδς
1332 4955 1383 5016 καί.
1403 4957 1538 5038 μαχαίρας
1561 4958 1647 5031 στόμα

46 5046 121 5103 θανεῖν
143 5055 189 5109 τοῦ
213 5050 259 5109 διδι
283 5046 382 5116 παντὸς
404 5050 520 5120 ἐλπίζειν,
531 5057 617 5111 θανεῖν
631 5052 677 5111 κοιλ
691 5060 746 5118 τοῖς
761 5055 811 5111 τῶν
870 5050 1027 5133 βαρόαριιιῷ
1040 5050 1114 5131 νόμῳ
1126 5050 1366 5127 διακληρωσάμενα
1378 5046 1569 5109 κατεσθίουσιν.
1605 5042 1648 5106 Ὦ

1595 5165 1644 5176 -μ

45 5209 70 5258 ἰί·
79 5212 151 5279 δή
164 5222 200 5267 18.
213 5216 280 5282 δρῶ]
293 5218 341 5277 όρᾶ
350 5215 419 5278 ωιλς
431 5230 480 5269 σενι.
488 5220 519 5269 Ν.
534 5218 548 5282 Ι)
558 5219 614 5284 -§
630 5224 666 5270 19.
679 5218 786 5284 ἄπιστος]
797 5220 922 5276 ἀπυστοςῖ
935 5219 946 5282 Ι)
955 5246 987 5256 -
996 5220 1024 5268 τὸ
1034 5215 1188 5281 πεπονθέναι]
1199 5216 1252 5266 τότε
1269 5214 1339 5263 πόθεν
1355 5216 1396 5264 καὶ
1409 5213 1481 5272 οοθ.;
1498 5227 1547 5265 em.
1556 5218 1586 5268 Ν,
1597 5216 1608 5280 Ι)
1619 5247 1645 5253 ·-

47 5280 103 5343 5²¹.
111 5288 138 5337 Εί
148 5289 172 5338 ἃ
184 5286 341 5351 “bom-51⁷¹.
352 5288 373 5337 ὃ.
384 5304 408 5338 α.
417 5289 481 5351 (κνείη
490 5302 539 5339 em.
549 5291 589 5352 Ν.,
600 5290 644 5354 qui
652 5289 741 5341 deinde
750 5289 810 5355 legit
819 5292 897 5347 αὐτοῖς
908 5291 998 5341 τούτων
1009 5292 1092 5355 ἀποιχ.
1103 5291 1115 5356 ΙΙ
1129 5315 1159 5329 -
1169 5289 1184 5354 §
1197 5295 1234 5340 22.
1246 5286 1332 5351 ἄλλων]
1340 5289 1431 5352 ιῖιμιῖιι,θ
1444 5288 1455 5351 ΙΙ
1470 5314 1497 5322 -
1507 5288 1571 5352 523.
1584 5288 1647 5342 Ἀντ-

46 5354 97 5415 θᾷθ
107 5357 210 5411 ἀναπλεῖ
220 5359 289 5422 mni.
302 5359 338 5408 Ν.
354 5356 406 5421 ll-
418 5360 657 5427 περιστοιχισάντωι]
668 5377 832 5426 περιστοιχησ.
847 5362 919 5424 eod-3
933 5375 983 5413 em.
993 5365 1024 5414 Ν.
1036 5361 1048 5427 [l
1063 5387 1095 5398 -
1106 5362 1121 5427 §
1134 5365 1173 5412 27.
1187 5362 1204 5410 θ
1217 5362 1274 5411 ante
1282 5360 1395 5423 λαμπρῶς
1408 5357 1513 5410 inseruit
1525 5361 1556 5411 Ν.
