3906 6034
332 410 352 467 1
1036 413 1270 481 Anisuonicnss

333 537 493 609 Ἐλευσῖνος,
520 538 640 617 βοώντων
663 539 707 600 ris
726 542 850 620 μυστικὸν
868 539 993 624 Ἴακχον,
1016 545 1059 605 τὸν
1077 546 1110 613 δέ,

331 624 462 706 κονιορτὸν
474 627 618 707 νερωθέντα
633 630 756 705 ἐμπεσεῖν
771 633 796 699 ές
810 631 855 698 τάς
865 636 928 699 ναῦς
937 637 989 692 τῶν
1002 630 1100 705 Ἑλλή-

332 737 395 777 νων.

373 803 415 862 11.
429 802 578 877 Φεύγοντος
589 802 617 861 δέ
628 809 675 863 τοῦ
687 803 796 884 Ξέρξου,
810 806 969 887 Μαρδόνιος,
982 806 1035 874 υλδς
1047 810 1070 868 Γ
1070 831 1103 866 ω·

333 888 413 968 όρόου
428 895 473 949 τοῦ
495 889 540 949 καὶ
555 893 636 951 αὐτοῦ
650 893 802 970 έπιθιμένου
816 903 869 962 τοῖς
886 895 1013 975 [μά]γοις,
1034 920 1101 971 συμ-

332 977 486 1057 [πεπει]κὼς
513 978 559 1037 καὶ
584 979 660 1046 αὖτδς
680 980 782 1061 Ξέρξην
807 988 964 1061 στρατεῦσαι
987 982 1033 1042 ἐπὶ
1055 982 1102 1054 τὴν

332 1066 462 1139 Ἑλλάδα,
478 1069 572 1145 ᾐτιᾶτο
591 1067 620 1126 τὸ
641 1067 819 1142 πολὺπλῆθος
831 1073 883 1128 τῶν
901 1069 1041 1149 βαρόάρων
1067 1074 1103 1138 ὡς

331 1152 414 1213 αἴτιον
428 1153 531 1230 γεγονὸς
544 1157 591 1223 τῆς
613 1153 703 1228 ἥττης,
718 1156 847 1236 ὑπέσχετό
865 1180 893 1215 τε
911 1158 1025 1229 νικήσειν
1043 1158 1102 1226 τοὺς

329 1239 475 1313 Ἕλληνας,
489 1244 512 1300 ei
523 1241 601 1300 λάθοι
618 1247 730 1321 στρατοῦ
748 1246 876 1324 μυριάδας
895 1244 930 1305 λ’.
951 1247 984 1325 (ν)
1002 1245 1099 1305 Aeson

330 1328 358 1388 δέ
369 1331 383 1387 δ
399 1329 547 1408 Μαρδόνιος
559 1328 660 1410 έπεμψε
669 1334 771 1410 πρῶτον
781 1331 845 1410 πρὸς
856 1330 1010 1405 Ἀθηναίους
1020 1334 1100 1392 Ἀλέ-

331 1415 437 1495 ξανδρον
449 1415 492 1474 τὸν
506 1416 660 1489 Μακεδόνα,
670 1416 714 1475 τδν
727 1418 866 1478 Φιλίππω
877 1419 1013 1499 πρόγονον,
1025 1422 1100 1479 θπισ-

330 1503 474 1583 χνούμενος
489 1502 582 1562 δώσειν
596 1504 683 1572 αθτοῖς
691 1504 772 1584 μύρια
784 1505 900 1565 τάλαντα
915 1506 961 1565 καλ
973 1512 1021 1585 γῆν
1036 1508 1099 1580 δσην

330 1591 361 1650 ἂν
386 1591 461 1651 αιίτολ
483 1592 616 1670 βούλοιντο
630 1594 677 1663 τῆς
692 1590 832 1665 Ἑλλάδος,
846 1593 968 1672 τηρήσειν
991 1618 1020 1654 τε
1034 1598 1101 1654 ὑπο-

329 1678 456 1759 σχόμενος
476 1679 522 1737 καὶ
537 1677 585 1751 τὴν
600 1680 747 1761 έλευθερέαν
762 1682 848 1749 αὐτοῖς
867 1683 912 1741 καὶ
926 1682 973 1754 ris
986 1686 1097 1742 αὐτονο-

329 1767 404 1844 μίαν,
418 1769 440 1825 εἰ
455 1766 556 1826 ἕλοιντο
566 1765 653 1843 μένειν
667 1769 708 1847 έρ’
721 1771 819 1828 ἑαυτῶν
833 1771 877 1828 καλ
894 1769 931 1846 μὴ
947 1778 1098 1849 συμμαχεῖν

326 1859 381 1922 τοῖς
401 1853 542 1927 Ἕλλησιν.
561 1854 672 1926 Ἐπειδὴ
692 1856 719 1915 δέ
734 1856 928 1937 δἈλέξανδρος
944 1859 1099 1938 παρεγένετο

328 1945 364 2004 εἰς
375 1942 422 2009 τὰς
433 1941 557 2017 Ἀθήνας,
566 1941 612 2002 καλ
623 1942 696 2001 ταῦτΙ
705 1943 846 2018 ἐδήλωσεν,
857 1948 880 2002 ni
891 1943 1026 2016 Ἀθηναῖοι
1040 1942 1099 2003 οὔτε

326 2027 385 2095 τοὺς
401 2029 492 2107 λόγους
515 2029 721 2110 προσεδέξαντο,
736 2030 891 2112 θόρέσαντές
903 2056 932 2091 τε
950 2031 993 2090 τὸν
1014 2031 1099 2092 Ἀλέ-

327 2114 432 2196 ξανδρον
453 2118 655 2198 ἀπεπέμψαντο.
683 2116 714 2199 (ο)
739 2118 773 2180 Ὁ
791 2118 818 2179 δέ
833 2119 979 2199 Μαρδόνιος
1000 2121 1096 2178 diroru-

325 2202 381 2283 χὼν
405 2205 432 2262 έν
446 2205 555 2279 τούτοις,
581 2208 694 2277 ἐπῆλθεν
709 2207 804 2274 εἰςτὰς
820 2207 934 2279 Ἀθήνας
947 2207 992 2266 καὶ
1006 2210 1039 2265 τά
1057 2207 1096 2264 ἔτι

1158 548 1221 600 libus
1237 551 1364 602 imminum
1381 554 1512 618 mysticum
1526 556 1643 606 iacchum
1659 557 1808 611 clamantium
1820 564 1896 615 excita

1157 637 1210 684 inm
1222 638 1248 684 et
1264 634 1295 685 ab
1307 635 1421 688 Eleusine
1432 638 1629 702 proticiscentem
1643 643 1798 709 conspexisse,
1807 646 1895 699 nnhem·

1156 738 1205 787 que
1218 738 1233 775 e
1246 725 1348 789 pulnere
1358 732 1438 777 oriam
1450 728 1475 777 in
1485 742 1561 779 naves
1575 731 1713 783 Grnsoomm
1722 732 1847 787 decidisse

1186 813 1219 861 11.
1231 813 1310 863 Xerxe
1322 814 1406 878 ingm
1417 815 1542 872 moliente.
1557 816 1704 880 Mardonius,
1716 821 1823 885 Gobrya,
1835 824 1896 874 unius

1155 916 1186 953 ex
1195 903 1276 967 iisqui
1293 908 1378 955 contra
1388 919 1472 970 msgos
1487 908 1678 970 conjuraverant,
1693 909 1763 972 iilius,
1771 913 1810 975 qni
1821 916 1844 964 et
1854 915 1897 978 ipse

1155 997 1334 1062 expeditionem
1352 1000 1379 1050 in
1391 1002 1511 1053 Greciam
1526 1005 1601 1054 xerxi
1622 1009 1740 1068 maserei,
1749 1007 1839 1059 nlminm
1850 1010 1897 1059 hrr-

1155 1093 1271 1145 hsrorum
1282 1095 1465 1147 multitudinem
1476 1111 1575 1150 caumrn
1587 1098 1664 1150 cladis
1677 1100 1900 1165 luisaeprmiexehai,

1156 1190 1315 1255 promisitque
1327 1205 1354 1242 se
1369 1193 1469 1244 Grecos
1482 1193 1662 1245 debellaturum
1677 1209 1740 1259 esse,
1753 1197 1774 1248 si
1784 1198 1827 1262 ipsi
1841 1198 1902 1249 reth·

1154 1286 1289 1346 querentur
1303 1284 1429 1335 hominnm
1438 1285 1514 1335 millia
1524 1286 1633 1351 tfiglnim
1649 1288 1684 1352 (2)
1700 1288 1792 1347 Quibus
1804 1292 1902 1354 acceptia,

1154 1377 1294 1427 Mardonius
1307 1378 1414 1442 primum
1426 1379 1506 1443 legato
1517 1379 1549 1430 ad
1556 1380 1716 1432 Athenienses
1729 1382 1856 1433 Alexandro
1865 1386 1905 1432 tle

1154 1470 1256 1532 redono,
1269 1484 1317 1520 uno
1328 1484 1360 1522 ex
1371 1471 1476 1535 Philippi
1487 1472 1631 1536 majoribus,
1640 1473 1751 1537 promisit
1765 1473 1794 1523 iis
1806 1474 1906 1524 daturum

1156 1559 1277 1611 sedecies
1293 1560 1360 1611 mille
1379 1561 1471 1611 inlenia
1484 1564 1510 1611 et
1523 1564 1639 1624 quonium
1660 1563 1750 1613 vellent
1768 1563 1861 1613 Grmcie
1874 1577 1906 1612 re·

1154 1653 1258 1717 gionern,
1275 1656 1349 1717 atque
1358 1652 1496 1703 tiberim
1509 1653 1570 1717 ipsis
1582 1652 1704 1704 initurum
1713 1668 1767 1705 esse
1779 1659 1804 1705 et
1815 1655 1862 1705 suis
1875 1655 1906 1703 ni·

1155 1746 1226 1797 rendi
1253 1747 1347 1811 legibus
1368 1749 1516 1811 potestatem
1544 1746 1670 1812 pollicitus
1696 1750 1742 1808 esi,
1765 1748 1786 1798 st
1814 1749 1909 1810 quemn

1153 1853 1223 1904 agere
1239 1852 1284 1889 nec
1303 1838 1418 1903 opitulari
1436 1837 1537 1902 reliquls
1554 1839 1650 1890 Grecis
1674 1840 1831 1890 decreverint.
1848 1842 1908 1889 Posi·

1153 1947 1228 1997 quem
1238 1946 1297 1984 vero
1310 1932 1447 1983 Alexander
1460 1933 1567 1983 Athenas
1578 1936 1691 1992 venerat.
1707 1933 1767 1984 nihil
1776 1946 1855 1983 eorum
1863 1944 1911 1995 que

1153 2027 1268 2092 exposuit
1280 2025 1440 2077 Athenienses
1446 2024 1599 2077 admiserunt
1613 2029 1640 2077 ei
1652 2025 1799 2078 contumelia
1810 2025 1911 2075 affectum

1153 2121 1323 2172 emendarunt.
1334 2120 1461 2185 (³)ltaque
1466 2119 1607 2171 Mardonius
1613 2120 1664 2171 hac
1675 2134 1719 2185 spe
1730 2121 1859 2171 frustratus
1868 2131 1914 2167 con·

1152 2220 1191 2267 ira
1203 2215 1313 2267 Athenas
1321 2214 1447 2279 proiectus
1458 2217 1497 2263 esi
1508 2216 1534 2263 et
1544 2215 1628 2277 partes
1639 2213 1711 2264 urhis
1722 2225 1779 2277 qne
1791 2214 1844 2275 post
1853 2210 1912 2274 prius

326 2294 528 2373 περιλειπόμενα
543 2294 611 2375 μέρη
636 2296 869 2377 προσενέπρησεν,
884 2293 1096 2376 παραγενόμενός
1151 2306 1273 2359 excidium
1283 2305 1363 2356 edhuc
1375 2305 1526 2367 supereraut,
1542 2304 1596 2367 igne
1610 2305 1728 2355 νιιεεενίέ.
1744 2304 1803 2355 inde
1816 2302 1844 2352 ad
1857 2301 1913 2351 The<

325 2400 1909 2433 -—-..—..—.....----———-—--

325 2470 467 2521 rodotosua
477 2471 566 2522 sumsit
580 2472 657 2525 schol.
674 2472 706 2523 ad
717 2473 841 2537 Aristoplr.
858 2471 923 2522 liuh.
938 2474 1003 2533 302.)
1016 2469 1136 2520 Aristides
1146 2467 1288 2529 Panathen,
1304 2467 1323 2515 t.
1341 2467 1365 2523 3,
1375 2477 1400 2527 p.
1419 2466 1463 2512 135
1481 2461 1588 2511 illudi:
1617 2467 1715 2519 Δικαῖος
1731 2462 1772 2511 nsi
1791 2460 1914 2543 Δημδρρτνι

325 2541 439 2601 Ἀθηναῖοι
461 2543 524 2600 δντες
545 2546 586 2593 καὶ
599 2546 672 2595 πάλαι
690 2546 789 2610 φυγάδες
806 2547 833 2594 lar
847 2551 887 2604 τῆς
904 2544 1006 2598 πόλεως.
1026 2542 1088 2597 ύντες
1102 2541 1167 2606 παρὰ
1186 2539 1260 2601 Ξέρξῃ
1273 2537 1396 2598 γενομένης
1412 2539 1454 2591 τῆς
1465 2534 1674 2615 συμπδθῑῆςιικαὶ
1684 2539 1805 2614 movisti
1822 2533 1915 2594 &tim

325 2617 357 2672 εἰς
373 2615 430 2678 ἀέρα
444 2616 623 2679 δξἘλιυπῐυρς,
639 2619 728 2680 spem
743 2622 778 2680 τῷ
798 2618 904 2681 βασιλεῖ,
920 2620 951 2672 ὡς
966 2614 1020 2662 καθ’
1038 2612 1070 2660 ὥν
1087 2613 1143 2662 dud
1161 2609 1279 2671 κονιορτός
1291 2607 1375 2664 πέσοι,
1398 2604 1577 2662 ἡττηθήσονται.
1592 2605 1710 2653 Πεπτωκε
1728 2619 1788 2651 κατα
1804 2605 1914 2685 Περτικων

322 2686 437 2750 τριήρων,
455 2689 498 2735 καὶ
513 2690 650 2744 σκεδασθεὶς
668 2689 692 2738 lv
708 2690 789 2744 αδταῖς
808 2689 840 2742 εἰς
858 2687 928 2751 pilea
946 2687 1014 2742 ἐνῆκε
1026 2683 1065 2732 τὸν
1081 2684 1179 2745 βασιλέα
1199 2680 1234 2729 ὧν
1251 2678 1347 2740 ὕστερον
1366 2677 1445 2757 ἔμελλε
1462 2675 1592 2724 πείσεσθαι.
1604 2673 1648 2723 Ἐν
1660 2674 1686 2723 δὲ
1699 2679 1788 2758 retroit
1804 2687 1912 2735 κονιορεον

323 2758 390 2820 άρσει
409 2758 449 2806 καὶ
470 2758 523 2807 ὅσοι
537 2765 586 2809 τῶν
602 2759 728 2817 Ἀθηναίων
741 2758 977 2822 ἦσανμεμνημένοι,
994 2756 1099 2813 ἤκουσαν
1117 2758 1193 2816 φωνῆς
1206 2766 1267 2806 imi
1289 2747 1317 2797 le
1334 2746 1442 2807 &fimi
1460 2761 1536 2804 rrum,
1551 2744 1648 2807 &pavetne
1660 2747 1794 2807 δῑλθῑῑθηὶι
1809 2747 1840 2799 dm
1852 2741 1914 2804 11111·

322 2846 403 2879 mar
414 2835 444 2893 τθ
453 2830 574 2895 revectio
588 2830 722 2894 Πννννόνη
736 2833 776 2880 eet
790 2832 913 2893 sarion·
1450 2887 1455 2897 ,
1548 2885 1554 2898 ,
1583 2886 1589 2896 ,
1626 2887 1632 2899 ,
1652 2888 1658 2900 ,
1841 2886 1847 2898 ,
1898 2881 1904 2892 .

353 2902 386 2951 ll.
398 2900 413 2964 §
427 2906 448 2951 1.
462 2899 571 2965 [pothone
583 2900 781 2966 συμπι[πει]·ιὼς]
798 2901 893 2953 Inclusa
904 2900 996 2949 clrarioe
1007 2895 1096 2946 damno
1107 2895 1132 2944 in
1146 2895 1230 2944 codice
1242 2891 1374 2956 perierunt.
1385 2887 1422 2937 Ab
1431 2887 1470 2936 hus
1486 2886 1568 2936 verbm
1575 2892 1672 2952 uncupri
1689 2889 1731 2940 iot.
1746 2892 1776 2939 si
1787 2900 1827 2959 μς
1840 2899 1864 2935 m
1874 2896 1916 2962 pn·

322 2970 370 3019 mis
384 2974 468 3021 autem
488 2972 637 3035 singularum
654 2972 796 3036 paginarum
815 2970 929 3021 versibus
946 2967 1062 3018 nonnulle
1077 2965 1159 3017 lacera
1178 2963 1248 3015 sunt?
1260 2965 1297 3012 De
1310 2960 1409 3021 Gohryn
1426 2971 1451 3006 ν.
1464 2956 1580 3006 Herodot.
1595 2962 1619 3019 3,
1639 2962 1670 3009 70
1685 2973 1751 3023 cqq„
1761 2955 1918 3037 delirrdomo

321 3039 484 3105 expeditionis
495 3054 604 3103 suasore,
621 3041 686 3093 idem
701 3046 781 3103 3100.
795 3041 805 3106 ΙΙ
824 3069 854 3078 -
869 3040 979 3103 μυριάδας
991 3037 1021 3102 λ’]
1034 3036 1143 3087 Eundem
1163 3045 1292 3085 numerum
1311 3028 1413 3081 imduni
1431 3025 1550 3077 llerorloi.
1575 3027 1807 3102 s‚1002'i’luisnch.
1823 3022 1920 3077 Aristide

323 3114 362 3170 io,
383 3117 392 3159 i
410 3113 436 3161 et
451 3116 489 3170 19,
504 3118 528 3172 5,
541 3111 628 3163 Sirnbo
640 3125 665 3176 p.
680 3116 735 3162 iii.
752 3112 825 3175 Apud
847 3110 983 3160 Diodorum
992 3104 1017 3170 1),
1033 3111 1070 3169 19,
1085 3107 1199 3170 elegitur
1218 3126 1225 3154 ι
1240 3102 1360 3164 δσύμπας
1377 3099 1472 3179 ἀριθμός
1489 3100 1592 3181 1111131111
1604 3100 1653 3149 οὖν
1668 3101 1772 3150 ἐλάττων
1782 3105 1830 3179 τῷν
1847 3114 1920 3147 τέττα·

320 3179 421 3243 ριἰκονιιι
433 3181 566 3243 μυριάδων,
581 3185 607 3231 ai
621 3179 751 3244 legendum
762 3194 816 3230 esse
833 3180 957 3242 τριάκοντα
969 3197 1021 3243 μυρ.
1041 3191 1069 3228 ex
1083 3178 1136 3241 ipso
1147 3175 1255 3226 Diodoro
1267 3170 1397 3233 colligitur,
1411 3183 1454 3231 qur
1468 3183 1489 3219 c.
1504 3171 1573 3229 21,δ
1589 3166 1623 3216 ad
1635 3170 1747 3220 Persicus
1757 3180 1839 3231 copim
1851 3178 1921 3249 roffi·

321 3249 384 3299 sisse
395 3262 409 3298 e
420 3251 524 3301 Threcia
532 3253 559 3301 ei
569 3250 710 3300 Aiecedonis
722 3253 748 3300 et
758 3249 856 3300 aliunde
872 3248 932 3299 dicii
940 3247 1047 3298 ducenta
1062 3246 1184 3297 sociorum
1197 3244 1287 3302 millis,
1297 3256 1320 3292 c.
1340 3246 1379 3301 3ο,
1394 3245 1404 3289 1
1418 3242 1501 3290 sutem
1513 3240 1594 3288 totum
1614 3238 1780 3309 harbarorum
1793 3241 1922 3289 exercitum

321 3318 512 3381 qulngentorum
528 3321 632 3371 millium
642 3320 718 3370 ihisse
731 3319 883 3384 perhibet.A
899 3332 960 3370 nero
971 3317 1072 3383 propius
1089 3316 1175 3367 abesse
1189 3316 1288 3367 videtur
1304 3310 1431 3362 Cornelius
1446 3309 1471 3359 in
1492 3309 1596 3358 Pausen.
1615 3314 1638 3372 1,
1655 3310 1700 3360 ubl
1724 3309 1756 3360 de
1775 3308 1860 3373 prmlio
1874 3305 1922 3386 Pis·

321 3391 412 3448 inerim
427 3389 531 3452 loquens
547 3412 552 3439 :
569 3390 741 3451 Mardonius,
752 3390 802 3451 sit,
813 3402 872 3440 cum
883 3388 1129 3453 inconspectione
1139 3388 1265 3448 inutilibus,
1275 3395 1339 3449 ρυοε
1348 3383 1450 3432 viritim
1460 3381 1565 3444 legeret,
1580 3378 1604 3428 0²
1621 3382 1722 3445 alpinis
1732 3378 1848 3432 militm
1856 3389 1922 3440 1111·

321 3460 379 3509 iom
393 3458 502 3522 topatus
522 3462 567 3509 cai.
1872 3520 1876 3531 Ι

352 3527 405 3591 §2
427 3531 468 3579 τδν
482 3531 602 3581 Φιλίππου
623 3529 751 3594 πρόγονον]
779 3531 895 3581 Similiter
917 3530 1093 3581 Demosthenes
1104 3542 1140 3578 or.
1157 3535 1171 3578 2
1191 3528 1217 3578 in
1235 3526 1340 3590 Philipp.
1353 3539 1378 3589 p.
1395 3528 1435 3584 oi,
1453 3528 1480 3574 ii
1502 3522 1543 3572 ed.
1555 3520 1643 3586 nidor,
1662 3524 1729 3574 hanc
1750 3521 1878 3602 Alexandri
1891 3519 1922 3568 le·

319 3596 442 3661 gailonem
453 3612 667 3648 commemorans:
683 3601 759 3650 'Heia'
770 3601 837 3661 ἦλθεν
847 3600 1105 3665 Ἀλέξανδροςδεούτων
1120 3598 1218 3659 (regum
1238 3596 1451 3652 Macedonicum,
1474 3592 1521 3643 nial
1541 3594 1627 3656 potius
1644 3597 1750 3654 τούτου,
1771 3592 1923 3671 Phiupprsc..

319 3668 464 3732 legendum)
473 3670 593 3733 πρόγονος.
606 3668 776 3721 Aristodemus
785 3684 830 3720 sus
843 3670 980 3720 duxeritex
992 3667 1107 3717 histor-im
1117 3666 1223 3731 Philippi
1235 3680 1327 3717 οοισνο.
1341 3664 1412 3729 Apud
1425 3663 1577 3713 Herodotum
1593 3667 1619 3723 1,
1634 3669 1682 3714 110
1694 3666 1793 3715 llerxes
1809 3661 1927 3714 liardonro

319 3739 373 3787 haec
397 3737 497 3788 mandat
514 3754 520 3786 :
539 3743 615 3789 Τοῦτο
631 3740 673 3801 μέν
690 3742 732 3798 την
746 3747 790 3801 γῆν
809 3756 849 3800 σρι
868 3741 967 3803 ἀπόδος,
982 3742 1052 3787 τοῦτο
1069 3738 1093 3786 δέ
1108 3738 1179 3794 ἀλλην
1192 3738 1248 3798 πρὸς
1263 3738 1336 3799 ταύτῃ
1355 3736 1454 3785 ἑλέσθων
1471 3734 1552 3794 αὐτοὶ,
1571 3734 1660 3791 ἥντινα
1678 3736 1709 3783 ἂν
1729 3737 1841 3790 ἐθέλωσι,
1857 3731 1925 3810 ἰόντες

319 3807 453 3870 αὐτόνομοι·
467 3808 519 3872 ἱερά
527 3823 552 3856 τε
565 3809 642 3857 πάντα
650 3826 701 3871 ops,
711 3811 739 3868 ἢν
751 3810 780 3868 δη
793 3809 923 3872 βούλωνταί
930 3810 956 3872 γέ
973 3809 1025 3871 ipos
1041 3809 1183 3870 ὁμολογέειν,
1198 3807 1346 3871 ἀνόρθωσον,
1357 3808 1403 3855 δσα
1421 3805 1469 3866 ἐγὼ
1480 3804 1605 3867 ἐνέπρησα.
1623 3805 1787 3856 Herodotum
1804 3802 1925 3866 exscripsit

319 3876 479 3940 Harpocratio
494 3892 514 3927 s.
532 3891 556 3926 v.
576 3878 731 3941 Ἀλέξανδρος.
744 3879 867 3930 Diodorus
880 3882 964 3945 thid,
975 3877 1088 3928 lustinus
1099 3884 1122 3937 1,
1142 3879 1170 3926 ii
1183 3879 1209 3926 ei
1219 3877 1367 3928 Plutarchus
1378 3873 1478 3926 Arisiid.
1494 3878 1530 3935 11,
1546 3873 1600 3923 lde
1612 3874 1665 3924 hac
1678 3876 1805 3938 legatione
1816 3874 1926 3925 dicentes.

319 3946 454 3997 Alexandri
470 3948 621 4000 montionem
638 3949 764 3999 omittunt.
781 3948 853 4013 Apud
867 3949 1000 3999 Diodorum
1020 3951 1043 3997 oi
1058 3952 1105 3996 τῶν
1125 3949 1225 4010 Περσῶν
1245 3948 1413 4002 ἀποσταλέντες
1432 3945 1464 3994 nh
1481 3942 1677 3996 Atheniensibus
1694 3949 1786 4009 petunt
1803 3949 1831 3994 ut
1844 3945 1872 3992 roi
1885 3947 1928 3990 τῶι

318 4019 417 4082 Περσῶν
431 4022 575 4083 προέλωνται
592 4023 618 4069 ei
629 4019 742 4071 similiter
753 4020 817 4084 apud
832 4020 964 4071 Aristidem
975 4020 1000 4069 in
1015 4017 1158 4076 Pousinon..
1176 4020 1195 4067 i.
1206 4019 1226 4078 Ι,
1243 4030 1267 4080 p.
1282 4022 1326 4067 133
1337 4017 1391 4075 ni..
1410 4018 1440 4066 ut
1447 4015 1509 4077 ptius
1524 4016 1565 4064 καὶ
1583 4016 1716 4082 σύμμαχοι
1736 4017 1796 4068 sini.
1810 4013 1880 4080 Apud
1889 4015 1928 4061 iu-

318 4088 412 4141 siinum
423 4088 563 4138 Mardonius
576 4087 742 4140 Athenienses
755 4092 784 4140 io
796 4103 870 4154 spem
887 4094 963 4154 pacis
978 4092 1004 4140 ei
1024 4090 1148 4140 omiciiirn
1166 4091 1234 4150 repis
1250 4089 1388 4139 sollicitat.
1401 4086 1439 4137 Ad
1450 4084 1637 4136 Aristodemum
1646 4088 1765 4151 proxime
1772 4087 1868 4137 accede
1880 4085 1928 4133 Plu·

318 4157 605 4221 tarchusArisiid.1i,n
621 4181 627 4211 :
641 4161 703 4225 lips:
722 4163 748 4211 at
762 4162 816 4218 τοὺς
837 4162 970 4220 Ἀθηναίους
989 4162 1092 4224 ἔπεμψεν
1109 4160 1158 4223 isle
1173 4162 1299 4224 γράμματα
1312 4161 1353 4208 καὶ
1362 4157 1445 4219 λόγους
1469 4156 1534 4219 παρὰ
1552 4157 1676 4218 βασιλέως
1696 4159 1742 4218 τήν
1764 4174 1792 4207 τε
1812 4156 1877 4207 πόλιν
1893 4153 1928 4202 αὖ·

318 4234 367 4284 τοῖς
390 4229 530 4288 ἀναστήσειν
540 4231 748 4294 ἐπαγγελλομένου,
763 4233 803 4281 καὶ
820 4234 929 4296 χρήματα
941 4233 1017 4281 πολλὰ
1030 4233 1114 4281 δώσειν
1125 4231 1165 4279 καλ
1177 4234 1225 4279 τῶν
1233 4229 1351 4287 Ἐλλήνων
1370 4228 1463 4289 κυρίους
1473 4228 1633 4284 καταστήσειν
1650 4228 1767 4278 ἐκποδὼν
1777 4233 1821 4278 τοῦ
1836 4227 1928 4304 πολέμον

317 4299 476 4366 γενομένονςΙΙ
491 4328 522 4338 -
540 4301 598 4360 όσην
615 4302 643 4351 δν
662 4303 729 4351 αὐτοὶ
744 4302 882 4367 βούλοιντο]
902 4303 961 4362 ὅσην
982 4303 1046 4351 αὐτοὶ
1062 4302 1183 4364 βούλονται
1203 4299 1288 4350 codex.
1304 4294 1510 4362 ΙΙ-ύθρίσαντες]
1529 4295 1605 4345 Aliter
1615 4298 1771 4349 Herodotus
1785 4302 1810 4359 θ,
1832 4300 1883 4357 iis,
1893 4293 1928 4344 uhi

318 4368 479 4420 Athenienses
493 4370 630 4421 Alexandro
644 4370 749 4422 dieunt:
769 4374 805 4422 Οὐ
817 4373 860 4435 γάρ
872 4389 900 4423 σε
920 4373 1050 4437 βουλόμεθα
1069 4373 1135 4422 οὐδέν
1144 4373 1214 4435 ἄχαρι
1225 4374 1283 4434 πρὸς
1298 4369 1425 4428 Ἀθηναίων
1436 4368 1529 4418 παθέειν
1544 4367 1614 4418 1οντα
1628 4370 1758 4434 πρόξεινόν
1778 4370 1854 4421 τεκαὶ
1864 4369 1924 4430 ρέλον

317 4440 436 4491 Aristides
443 4442 576 4492 Panathen.
584 4446 644 4494 tom.
659 4445 680 4505 1,
692 4456 716 4507 p.
728 4447 772 4493 niis
784 4444 822 4495 ed.
833 4443 944 4494 Dindorl.
952 4443 988 4494 im
999 4442 1089 4493 heliel:
1104 4444 1244 4505 Ἐκηρύκευε
1260 4443 1286 4492 δέ
1299 4442 1443 4504 Ἀλέξανδρος
1458 4437 1567 4502 βασιλεὺς
1577 4441 1746 4498 Μακεδονίας.
1762 4444 1793 4492 0¹.
1816 4442 1842 4490 δὲ
1852 4443 1928 4488 cornia

317 4528 358 4561 τον
369 4510 475 4576 ἀπέσχον
488 4518 529 4561 τοῦ
542 4514 659 4575 θαυμάσαι
669 4513 710 4569 τὰς
719 4513 885 4577 έπαγγελὶας...
897 4516 1043 4564 ὥστιθσωσε
1052 4516 1092 4564 τδν
1111 4514 1254 4576 πρεσδευτὴν
1264 4515 1291 4563 cd
1312 4517 1397 4575 σχῆμα
1422 4517 1462 4570 τῆς
1484 4510 1617 4576 προξενίας.
1651 4513 1692 4562 ou
1719 4515 1768 4573 μὴν
1797 4513 1851 4563 οὐδὲ
1865 4510 1928 4559 esem

317 4581 374 4642 ἀδεῆ
385 4580 492 4637 καθάπαξ
509 4581 660 4642 ἀπέστειλαν,
672 4581 722 4632 ἀλλ’
738 4585 758 4631 st
771 4585 804 4645 puri
815 4585 860 4647 πρὸ
875 4584 942 4642 ἡλίου
954 4584 1060 4640 δύνοντος
1073 4583 1138 4640 έκτὸς
1154 4582 1215 4646 δρων
1231 4583 1267 4641 ein
1276 4590 1298 4645 0,
1309 4585 1349 4632 καὶ
1365 4585 1407 4631 τοῦ
1419 4583 1502 4632 λοιποῦ
1515 4581 1674 4648 προειπόντας
1692 4585 1756 4633 ἄλλο
1767 4600 1791 4633 τι
1810 4587 1860 4639 τοῖς
1872 4580 1928 4635 Amr

316 4653 389 4706 ναίοις
401 4654 487 4716 μᾶλλον
497 4654 620 4716 προξενεῖν,
630 4654 712 4710 ὠςούα
721 4654 776 4702 ἄνευ
791 4652 890 4703 θανάτου
898 4660 995 4705 τοιαῦτα
1004 4655 1183 4717 πρεσθιύαοντα.
1198 4657 1246 4706 lint
1258 4657 1308 4716 άμα
1317 4653 1406 4714 ἀγωγαὶ
1419 4653 1458 4702 διὰ
1470 4659 1510 4712 τῆς
1522 4655 1600 4718 χώρας
1618 4653 1698 4704 αὐτὸν
1713 4655 1791 4717 ἦγον,
1803 4655 1868 4708 θπιυς
1881 4651 1928 4713 μήτι

317 4738 352 4779 τις
368 4722 457 4786 ἅψηται
477 4724 534 4785 μήτε
550 4740 584 4787 τερ
600 4724 739 4783 διαλέξηται.
754 4723 793 4772 ci.
807 4722 874 4773 idem
893 4725 913 4772 1.
928 4730 951 4783 2,
962 4738 986 4787 p.
1001 4727 1055 4774 2811.
1069 4724 1230 4786 Harpocratio
1246 4737 1271 4773 ν.
1289 4724 1448 4787 Ἀλέξανδρος·
1462 4724 1501 4787 ἂρ’
1519 4724 1547 4774 οὗ
1559 4725 1589 4787 (s
1604 4722 1764 4789 Mandonio)
1780 4727 1824 4775 καὶ
1837 4722 1928 4786 taius&

317 4793 356 4842 inl
366 4794 409 4856 γῆς
429 4793 470 4842 καλ
490 4794 573 4850 ὕδατος
593 4795 686 4853 αλτησιν
706 4795 764 4857 πρὸς
777 4792 921 4854 'diuisione'
932 4798 955 4844 οἱ
965 4797 990 4845 δέ
1012 4795 1058 4858 οὐχ
1070 4795 1134 4850 διιως
1154 4795 1219 4857 αὐτῷ
1232 4796 1364 4859 προσέσχον
1378 4794 1417 4844 τδν
1435 4800 1498 4852 νοῦν,
1515 4795 1573 4845 ἀλλὰ
1591 4795 1638 4843 καὶ
1660 4798 1759 4861 σρδδρα
1774 4797 1928 4855 διπιιλθσαντῑ

317 4863 465 4927 ἀπέπεμψαν.
476 4865 601 4928 Lycurgus
617 4878 637 4914 c.
647 4866 758 4914 Leocrst.
774 4862 825 4927 §71
841 4865 898 4914 :ndu
909 4866 972 4929 παρὰ
983 4866 1069 4928 Ξέρξου
1083 4865 1226 4929 πρεσδιάτην
1237 4866 1395 4929 Ἀλέξανδρον,
1407 4864 1471 4921 ρίλον
1488 4864 1546 4913 δντα
1560 4862 1691 4927 πρότερον,
1705 4873 1798 4930 μικροῦ
1811 4869 1861 4916 δεῖν
1873 4862 1928 4913 κατέ

317 4935 411 4984 λευσαν.

348 5003 399 5066 §s
420 5006 640 5069 11αραγειόρινος...
662 5004 864 5069 θὴδας11111νας
886 5003 963 5055 codex
979 5005 1115 5070 sphslmais
1136 5005 1273 5056 maniiesto.
1298 5007 1352 5057 Sec.
1375 5004 1527 5056 Herodotum
1541 5008 1565 5069 1,
1584 5006 1615 5055 13
1633 5006 1793 5059 Mardonius
1811 5021 1844 5058 ex
1863 5003 1928 5056 Aiiic

318 5074 416 5125 'lhehss
423 5077 546 5140 proticisci
558 5076 653 5137 voluis,
671 5077 751 5127 sedin
764 5077 820 5140 ipso
828 5076 915 5126 itinere
929 5077 1026 5126 mutate
1037 5074 1170 5134 sententie
1190 5075 1217 5123 in
1230 5075 1379 5139 Megaridem
1397 5074 1481 5135 duxit,
1500 5073 1556 5125 inde
1579 5076 1674 5125 nutem
1695 5077 1725 5127 in
1748 5078 1876 5128 Boeotiam
1893 5086 1928 5122 re·

318 5157 405 5195 sersus
415 5145 440 5194 in
453 5159 513 5210 agro
522 5147 638 5198 Thebano
650 5147 683 5197 ad
694 5152 803 5210 Asopum
812 5150 893 5197 casira
906 5146 997 5211 posuit,
1010 5160 1066 5211 qum
1079 5147 1110 5196 ah
1127 5144 1239 5209 Erythris
1251 5160 1330 5211 usque
1338 5147 1370 5197 nd
1383 5147 1444 5197 lines
1456 5145 1634 5198 Platmensium
1649 5148 1870 5202 exiendeimntur.
1884 5148 1928 5201 Set

320 5214 453 5264 Diodorum
469 5222 505 5278 11,
520 5222 550 5267 19
564 5219 590 5266 et
610 5222 640 5268 so
652 5215 797 5267 Mardonius
807 5216 911 5268 Athenis
922 5218 1018 5269 rhehns
1032 5220 1158 5283 proiectus
1169 5222 1216 5282 esi,
1229 5217 1326 5280 deindo,
1336 5218 1380 5270 uhi
1389 5216 1629 5280 Greeorurncopias
1643 5218 1672 5268 in
1682 5222 1816 5274 Boeotiam
1835 5217 1928 5273 lenden
