3906 6034
704 489 984 556 ARGUMENTUM.
1606 477 1645 534 55

248 674 372 737 menn
394 663 601 732 snounnus
636 626 639 641 ‘

55 837 185 890 murres
194 834 218 881 et
228 832 292 879 61151
303 828 327 887 (1
340 838 408 875 serr.
421 816 574 881 1151-1155).
586 828 657 865 nnete
666 827 707 863 tn.
719 826 744 863 rr
754 814 814 861 etv.

80 980 99 1024 1.
111 968 270 1022 semensas
278 961 355 1012 noris
364 956 452 1010 ineolis
461 948 694 1013 Constantinopolim
705 948 817 1009 trequen-

53 1066 152 1119 1515555,
167 1058 257 1106 Tereos
270 1055 299 1101 et
314 1046 471 1100 05515115555
483 1045 508 1092 51
529 1040 630 1091 151555
648 1051 680 1087 ex
702 1034 816 1085 omnibus

54 1144 116 1206 requi
133 1140 237 1206 partibus
248 1138 273 1186 in
284 1148 345 1186 5555
356 1129 483 1182 conduxit.
500 1130 586 1177 115555
601 1122 674 1174 urbis
689 1125 815 1172 restaura·

56 1233 102 1295 rit,
122 1228 202 1295 palatia
216 1226 270 1287 istit
290 1221 471 1277 tundameota;
488 1215 520 1266 ad
535 1215 633 1279 portam
648 1216 756 1262 tuream
776 1220 816 1257 ca·

56 1319 151 1371 51511555
164 1315 247 1365 aurai
257 1311 345 1377 jussit.
357 1335 390 1347 -
404 1315 427 1357 1.
440 1303 530 1356 lisdem
546 1301 633 1352 diebus
647 1298 813 1356 Gennadium,

56 1420 127 1472 qrnem
137 1404 210 1455 5151155
219 1406 273 1466 post
287 1403 390 1464 captam
406 1395 494 1445 urbem
504 1389 582 1456 quaeri
591 1389 702 1454 jusserat
720 1400 750 1436 ac
764 1389 817 1435 tan·

16 1550 17 1553 ,
57 1500 110 1547 dem
121 1490 259 1554 tirampni
269 1489 339 1538 inter
349 1485 460 1550 captivos
471 1482 607 1539 invenerat,
622 1476 819 1527 Christianorum

16 1564 18 1597 ¹
57 1583 200 1651 5555555
213 1575 353 1629 amiran

16 1690 17 1695 ¹
84 1677 104 1723 1.
119 1675 145 1720 15
159 1668 239 1719 asiam
253 1663 386 1728 proiectus
405 1661 492 1708 Prusae
504 1653 621 1718 adpatris
636 1649 759 1701 tumulum
776 1648 817 1696 in-

59 1760 121 1810 155155
130 1758 182 1822 epit.
197 1754 283 1805 tiebns
294 1748 415 1801 ,1551511515
424 1746 451 1796 15
460 1744 571 1795 ominem
589 1740 697 1791 redactis
708 1741 732 1788 et
747 1749 813 1801 prra-

16 1888 17 1891 .
58 1842 248 1908 tdumregiouis
261 1840 400 1892 Cbamunne
411 1832 543 1885 commissa
556 1834 642 1892 (Aeo.
663 1828 752 1887 1155),
763 1826 819 1889 post

16 1970 17 1973 =
59 1937 103 1985 dies
122 1934 213 1996 mptnta
228 1928 342 1993 quinque
360 1923 518 1987 Byzantium,
538 1918 644 1980 indeque
662 1913 746 1979 paullo
765 1912 821 1975 post

16 2076 17 2079 ,
59 2024 126 2074 tane
136 2017 310 2082 adrianopolim
320 2013 407 2064 rediit.
418 2010 574 2061 1111555155
583 2003 708 2067 Callipolis
717 2003 822 2062 satrapen

16 2130 17 2179 ς
59 2106 296 2172 ebsdsqneprariecto
303 2099 446 2159 mandarit,
459 2100 487 2148 51
498 2093 676 2160 expeditionem
686 2088 822 2151 susciperet

59 2188 228 2239 5551515555
240 2187 265 2234 51
279 2180 404 2232 ilbodum
420 2176 560 2238 insulasque
575 2170 678 2221 Rhodiis
693 2167 820 2224 addictas,

61 2281 154 2333 155515,
166 2275 301 2332 nimum,
317 2270 386 2327 Con,
402 2265 472 2315 51155.
485 2260 606 2312 Nimirum
617 2256 740 2308 ltbodiiet
751 2253 822 2304 115511

61 2367 126 2430 parta
134 2376 184 2412 5555
191 2359 313 2423 regeinire
323 2355 464 2411 noluerant,
474 2349 518 2399 sed
526 2362 583 2399 cum
592 2345 677 2411 piratis
689 2341 819 2400 iaciebant,

16 2436 18 2509 i
62 2453 99 2516 qai
112 2454 233 2502 15555555
246 2460 323 2497 oram
338 2440 490 2492 maritimam
501 2435 655 2487 infestabant.

16 2512 18 2629 ‚
198 2608 303 2658 1555155
312 2598 435 2656 expeditio
452 2598 533 2642 eontra
548 2591 660 2638 Rhodios.

88 2759 221 2807 115551555
238 2765 299 2803 cum
322 2746 449 2811 octoginta
471 2741 575 2792 navibus
590 2737 667 2801 longis
689 2734 823 2794 multisque

63 2848 162 2897 carrariis
182 2842 298 2907 callipoli
319 2837 449 2889 Tenedum
467 2831 599 2897 navigavit.
619 2826 721 2879 Duobus
737 2822 824 2873 diebus

61 2938 105 2997 pust
115 2936 183 2982 noctu
202 2930 262 2979 hinc
280 2924 414 2991 proiectus
426 2920 453 2969 in
470 2917 642 2980 tempestatem
655 2910 753 2968 incidit,
773 2919 823 2969 qua

61 3034 122 3072 mres
135 3018 215 3085 riginti
228 3015 348 3081 quinque
359 3010 492 3065 demersae,
513 3004 615 3068 reliqum
630 3001 680 3049 bue
698 2998 757 3047 illuc
771 2992 822 3043 dis·

60 3123 121 3173 prm
129 3112 189 3157 5551,
201 3132 234 3144 -
245 3111 270 3156 5.
279 3106 343 3165 lpse
352 3111 411 3148 cnm
421 3107 464 3145 sex
474 3090 581 3141 naribus
590 3097 691 3148 vespere
700 3078 825 3144 sequentis

61 3194 189 3247 tieiinclrii
207 3195 319 3258 portum
332 3186 432 3237 delatus
451 3185 497 3232 est.
519 3176 657 3229 Recollecta
676 3171 711 3221 ibi
731 3171 824 3230 classe,

61 3284 127 3334 51155
135 3287 188 3347 post
198 3281 232 3331 ad
245 3281 308 3330 con
321 3273 424 3339 appulit.
439 3272 574 3331 Postquam
586 3263 673 3314 urbem
684 3258 770 3309 insnlm
782 3270 826 3321 per

61 3376 101 3422 tres
108 3372 156 3424 dies
169 3371 304 3421 1555555111
313 3361 452 3419 obsederat,
465 3354 583 3407 suburbia
591 3355 617 3403 et
630 3363 701 3412 agros
711 3344 825 3403 55515511,

62 3459 132 3510 ffle
151 3459 235 3524 praeda
261 3454 373 3505 onustus
387 3447 497 3497 reditum
513 3442 634 3501 instituit,
655 3439 680 3488 15
691 3449 743 3499 quo
761 3432 827 3482 Pbo-

62 3551 184 3613 555555(
194 3549 299 3613 foppia
311 3538 415 3600 55555)
425 3534 519 3601 potitus
532 3535 570 3583 551
582 3532 690 3596 (11155.
709 3529 767 3576 1155
777 3537 826 3574 roc.

64 3640 171 3695 155555).
189 3634 323 3700 oppidum
342 3626 406 3679 illud
426 3625 544 3674 Chiorum
564 3622 631 3680 5551,
647 3616 746 3681 quibus,
772 3613 829 3662 licet

64 3710 544 3783 511515551515551555155555115155.
559 3705 695 3771 Callipolim
714 3714 828 3752 reversus

65 3814 130 3875 psallo
141 3816 192 3878 post
209 3825 225 3860 5
241 3819 307 3873 rege
316 3803 416 3854 5551555
427 3802 476 3860 est,
495 3800 550 3847 tum
567 3795 599 3844 ob
610 3793 725 3844 amissam
744 3787 830 3837 classis

66 3905 143 3964 151555
151 3904 204 3950 tum
215 3898 276 3948 aliis
291 3893 324 3943 de
337 3889 428 3941 555515.

179 4067 274 4113 mam
288 4037 373 4107 contra
385 4054 501 4103 triballos
514 4052 564 4098 5155
572 4049 673 4096 ceratos.

92 4211 287 4260 ornandorum
300 4197 474 4267 (1555155555)
488 4195 601 4261 princeps
616 4194 641 4242 51
653 4188 748 4239 tributo
761 4184 832 4237 statis

69 4293 200 4358 tmpnibm
217 4288 346 4344 solvendo
358 4282 516 4349 negligentim
525 4280 591 4339 erat,
608 4279 634 4327 et
648 4288 705 4325 cum
717 4274 833 4323 Paeonum

70 4382 253 4445 (Umerorum)
276 4390 337 4441 rege
357 4374 421 4424 clam
446 4369 588 4419 societatem
609 4363 721 4413 iniverat.
749 4362 835 4421 ltaque

16 4486 17 4501 ¹
70 4469 217 4521 1551555155
232 4480 282 4519 rex
296 4463 392 4515 bellom
411 4460 434 4510 ei
449 4455 603 4508 inserendum
619 4453 687 4501 tanto
699 4447 835 4514 promptius

870 625 984 673 Haemum
1007 617 1103 682 trajecit
1118 617 1143 665 51
1161 613 1219 663 trino
1239 607 1429 661 tertiis‘oastris
1449 605 1475 656 in
1502 605 1562 655 11555
1580 604 1647 654 venit

872 708 1044 759 Triballorum.
1063 703 1134 767 Agris
1150 714 1194 765 per
1209 695 1417 763 vigintiquinque
1437 690 1647 744 11555551511551

870 796 956 849 multis
969 786 1047 858 captis
1060 791 1179 852 castellis,
1191 785 1366 851 Noroprodum
1375 779 1550 848 (Nonubrodo)
1559 779 1648 829 urbem

872 885 962 936 555151
974 880 1069 946 argenti
1085 878 1193 929 metallis
1207 875 1309 926 divitem
1325 870 1452 922 obsidione
1471 867 1558 919 cinxit.
1576 893 1608 903 -
1621 869 1645 916 9.

870 978 976 1025 lazarus
990 965 1145 1035 (scorpios)
1158 964 1249 1015 1555155
1263 976 1277 1012 5
1293 960 1371 1026 planis
1385 958 1446 1008 locis
1459 957 1484 1006 15
1497 955 1585 1006 altiora
1601 953 1646 1003 ab·

870 1057 1073 1121 duxitycastella,
1086 1067 1143 1117 qum
1153 1052 1250 1103 tenebat
1262 1048 1358 1107 adhue,
1370 1044 1489 1105 munivit,
1497 1038 1647 1093 sarnandrim

871 1144 1093 1212 555155551511515
1108 1142 1161 1191 riro
1172 1139 1222 1189 tido
1233 1135 1376 1194 commisit,
1397 1133 1449 1197 ipse
1458 1144 1527 1181 1555
1541 1142 1599 1178 eum
1612 1126 1648 1176 ia·

871 1235 938 1285 milia
952 1233 1088 1297 opibusque
1097 1232 1190 1280 Istrum
1198 1228 1367 1287 transgressus
1378 1218 1647 1270 5111555551Ρ55555

872 1323 945 1381 abiit3
958 1319 1109 1370 haudmulto
1116 1318 1172 1380 post
1180 1316 1262 1363 autem
1268 1310 1352 1361 missis
1359 1307 1446 1371 legatis
1457 1318 1543 1369 pacem
1552 1300 1647 1366 petivit,

874 1422 979 1474 eamque
992 1405 1098 1458 obtinuit
1110 1417 1140 1455 eu
1157 1400 1296 1452 conditione
1311 1400 1340 1447 ut
1357 1395 1521 1446 Meohemetes
1535 1402 1593 1454 que
1606 1402 1650 1439 ce·

873 1499 950 1564 pisset
960 1497 1016 1547 loca
1026 1494 1149 1553 retineret,
1165 1491 1260 1553 reliqua
1272 1489 1352 1538 essent
1363 1482 1448 1535 Lazari
1460 1481 1654 1543 tributumpen·

874 1585 956 1636 dentis
975 1583 1056 1648 paullo
1074 1581 1155 1631 minus
1171 1592 1201 1629 eo
1215 1575 1282 1641 qood
1302 1576 1374 1625 antea
1396 1572 1516 1622 solverat.
1545 1565 1647 1616 interim

875 1678 949 1728 etiam
963 1673 1135 1739 Novoprodum
1146 1674 1202 1736 post
1212 1666 1373 1733 quodraginta
1386 1663 1482 1714 dierum
1495 1658 1647 1710 obsidionem

875 1781 930 1818 sese
943 1765 1045 1816 dederat
1062 1760 1279 1821 (155551515515
1299 1752 1505 1817 115515555555
1521 1746 1597 1811 igitur
1618 1745 1650 1796 sd

876 1866 936 1903 5555
956 1849 1044 1909 rediit,
1065 1846 1229 1897 Mechuetes
1246 1854 1319 1899 vero,
1334 1838 1389 1889 Alio
1409 1835 1505 1900 pusiam
1527 1831 1553 1880 in
1565 1829 1651 1880 servia

876 1939 1029 2001 relinquens,
1039 1934 1142 1984 exeunte
1155 1931 1242 1981 estate
1259 1922 1443 1988 adrianopolim
1459 1932 1576 1971 55555555
1595 1919 1648 1979 551,

876 2027 941 2078 unde
952 2024 1034 2089 paullo
1046 2024 1102 2086 post
1114 2017 1260 2082 Byzantium
1275 2029 1303 2065 se
1320 2011 1432 2063 contulit.
1443 2034 1476 2046 -
1488 2007 1554 2058 Exiit
1565 2005 1650 2056 mundi

878 2128 955 2165 annus
968 2116 1037 2173 51151,
1050 2108 1115 2172 regis
1130 2119 1208 2156 annus
1220 2103 1330 2167 quintus.

954 2291 994 2326 55.
1010 2290 1036 2324 rr.
1047 2271 1142 2335 6111111
1159 2262 1389 2327 555511551155).
1406 2271 1475 2309 55515
1489 2271 1530 2308 tn.
1542 2272 1579 2306 rr.

911 2446 948 2490 10.
966 2436 1076 2502 Byzantii
1089 2434 1206 2485 adfinem
1220 2429 1367 2495 perductum
1379 2427 1418 2474 est
1428 2419 1546 2487 palatium
1571 2419 1595 2467 et
1609 2428 1652 2465 ca·

877 2527 976 2578 stolium
988 2527 1177 2589 5551515555.
1196 2514 1352 2568 Restaurarit
1366 2525 1410 2561 rex
1428 2511 1514 2574 pontes
1529 2505 1653 2555 vetustate

794 2656 801 2665 -
880 2620 999 2682 collapsos
1013 2615 1045 2665 ad
1062 2614 1182 2676 Athyram
1193 2613 1219 2660 et
1233 2605 1371 2670 Rhegiumy
1382 2601 1437 2651 1155
1452 2596 1599 2662 Byzantium
1609 2593 1655 2643 du·

882 2706 967 2753 centes
978 2699 1063 2750 5515511
1074 2692 1244 2760 cauponesque
1254 2691 1284 2740 iis
1300 2684 1426 2752 apposuit3
1437 2682 1522 2732 balnea
1535 2681 1560 2730 51
1572 2689 1654 2741 aqum·

877 2788 968 2836 ductus
977 2781 1120 2843 edificavit,
1131 2781 1206 2841 atque
1217 2786 1294 2824 noros
1304 2769 1396 2820 incolas
1408 2764 1517 2828 undique
1527 2763 1552 2813 in
1563 2761 1650 2811 urbem

879 2868 1006 2920 conduxit.

988 3037 1109 3096 Expedltto
1117 3033 1199 3080 eontra
1209 3028 1319 3076 corleum
1329 3023 1379 3069 ssnl
1393 3020 1529 3079 principem.

914 3210 950 3256 tt.
962 3205 1028 3253 Dum
1039 3183 1467 3257 bisreroooupatur,medial1ieme
1478 3179 1579 3230 nuntius
1589 3175 1657 3227 renit

880 3294 1012 3353 Doricum,
1026 3287 1080 3339 AEni
1091 3284 1159 3335 urbis
1171 3285 1195 3331 51
1209 3277 1284 3331 imbri
1293 3278 1320 3325 et
1330 3266 1654 3332 Samothracesprincipem‚
1744 3336 1752 3351 .

880 3396 921 3433 res
930 3393 1006 3431 novus
1014 3374 1102 3427 moliri.
1113 3370 1209 3421 scilicet
1219 3362 1361 3416 Palamedes
1371 3358 1452 3424 paullo
1460 3361 1517 3407 ante
1527 3354 1658 3406 1511555155

881 3469 984 3520 heredes
999 3478 1030 3517 ex
1052 3475 1124 3525 raquo
1136 3456 1267 3520 reliquerat
1279 3450 1398 3501 Dorieum
1409 3446 1488 3496 tilium
1504 3446 1530 3494 et
1546 3438 1659 3492 15155511

883 3557 926 3608 tilii
940 3552 1039 3617 majoris
1053 3562 1156 3600 uxorem
1174 3546 1275 3608 ejusque
1295 3537 1399 3598 liberos3
1417 3533 1563 3584 5111551555
1578 3530 1658 3579 15515·

882 3647 993 3696 mentum
1005 3638 1083 3705 patris
1100 3632 1163 3685 nihil
1180 3643 1283 3690 curans,
1302 3625 1371 3675 solus
1389 3625 1414 3673 et
1431 3633 1505 3684 regno
1525 3620 1551 3668 51
1570 3615 1659 3679 opibus

885 3730 993 3798 paternis
1006 3727 1099 3793 potitus
1112 3724 1173 3774 erat.
1189 3722 1271 3779 Quare
1282 3713 1366 3764 1551515
1377 3723 1441 3760 uxor
1455 3711 1511 3773 post
1529 3717 1592 3755 vana
1605 3700 1657 3752 dis·

885 3817 1005 3872 suadendi
1016 3812 1164 3871 155155155,
1178 3803 1328 3857 arunculam
1336 3799 1404 3850 misit
1417 3797 1460 3862 qui
1471 3792 1555 3845 Doriei
1563 3790 1658 3841 1551555

886 3913 911 3960 51
923 3908 1017 3957 5515515
1029 3887 1129 3953 consilia
1147 3895 1198 3959 regi
1210 3892 1340 3943 indicaret.
1356 3914 1388 3923 —
1404 3890 1440 3936 11.
1453 3885 1512 3932 lieo
1530 3879 1592 3929 iram
1604 3880 1658 3926 115-

885 3993 1003 4046 obemetis
1010 3988 1140 4039 moverunt
1148 4004 1154 4045 ;
1163 3984 1282 4048 preterea
1292 3990 1340 4027 non
1353 3963 1662 4023 contemnendaesseride·

884 4082 959 4132 butor
968 4081 1045 4128 AEnns
1058 4074 1118 4124 urbs
1129 4069 1229 4134 insignis
1237 4069 1291 4117 tum
1303 4064 1353 4113 5115
1368 4074 1413 4111 555
1425 4061 1479 4109 tum
1488 4069 1547 4106 vero
1557 4054 1660 4118 opibus,

885 4166 1013 4231 dequibus
1029 4162 1107 4213 155155
1121 4157 1263 4210 Critobulus
1273 4150 1380 4216 exponit.
1394 4150 1476 4197 -13,
1490 4146 1553 4195 Ante
1563 4144 1662 4193 centum

888 4261 913 4307 et
924 4252 1100 4320 quinquaginta
1116 4248 1166 4299 sere
1181 4257 1258 4296 annos
1272 4230 1415 4293 (intellimus
1437 4234 1515 4286 italus
1528 4234 1618 4282 AEnnm
1637 4232 1664 4280 51

888 4344 1019 4407 Mitylenen
1030 4345 1147 4402 tanquam
1161 4335 1244 4385 151555
1254 4329 1345 4389 uxoris,
1357 4339 1414 4390 qum
1425 4326 1589 4374 Romanorum
1600 4305 1665 4381 regis

888 4435 938 4486 solia
959 4435 1025 4491 erat,
1046 4427 1189 4491 acceperat,
1209 4424 1265 4473 binc
1283 4415 1443 4470 successionis
1463 4413 1526 4463 serie
1544 4410 1605 4460 urbs
1632 4406 1664 4456 ad

69 4555 175 4619 buerit,
196 4556 266 4621 qnod
285 4552 412 4616 regionem
429 4544 598 4603 triballieam,
613 4542 700 4603 utpote
718 4536 750 4585 ad
764 4535 835 4584 inra-
889 4520 1043 4573 Palamedem
1055 4517 1157 4580 ejusque
1169 4511 1247 4563 1111555
1259 4507 1402 4559 devenerat
1421 4504 1538 4553 Ceterum
1550 4498 1605 4560 ejus
1619 4494 1662 4544 do-

16 4640 18 4687 t
69 4641 152 4693 555555
168 4648 269 4695 raone
293 4644 320 4691 et

341 4640 421 4688 Dacos
434 4629 678 4698 opportunissimam,
700 4637 773 4688 regno
792 4622 835 4671 51.
889 4611 950 4661 mini
961 4607 1018 4659 inde
1033 4606 1065 4656 ab
1077 4618 1106 4654 eo
1119 4606 1230 4666 tempore
1244 4610 1293 4660 quo
1311 4591 1386 4644 Turci
1399 4588 1530 4640 Thraciam
1543 4587 1568 4634 et
1581 4584 1665 4634 blace-

324 4754 358 4765 -
375 4728 402 4776 7.
421 4726 523 4774 terram
538 4720 614 4779 hanc,
629 4715 700 4777 eujus
718 4713 794 4761 situm
813 4713 838 4760 et
893 4698 992 4773 doniam
1006 4693 1161 4755 subegerant,
1173 4683 1299 4738 tributarii
1315 4682 1393 4732 erant.
1409 4678 1493 4725 -11,
1509 4672 1586 4736 igitur
1600 4669 1665 4732 regis

890 4789 1075 4853 155551555555
1084 4773 1254 4844 (dunis-bey)
1264 4767 1375 4832 callipoli
1386 4778 1444 4816 cum
1453 4763 1532 4812 classe
1542 4757 1667 4822 protectus

894 4875 926 4925 ad
936 4875 1036 4938 portum
1045 4869 1099 4919 AEni
1111 4858 1214 4931 appulit,
1227 4848 1584 4915 1155555151555555151155.
1598 4847 1667 4903 1155)

895 4957 1102 5023 constantinopoli
1121 4968 1166 5020 per
1176 4949 1356 5003 mediterranea
1377 4937 1510 5004 quatriduo
1526 4935 1614 4984 itinere
1634 4932 1668 4983 ob

895 5049 974 5111 frigus
986 5050 1011 5096 et
1031 5044 1094 5096 nivis
1113 5040 1208 5104 copiam
1222 5029 1395 5085 molestissimo
1409 5025 1442 5076 ad
1462 5020 1623 5088 Cypselorum
1634 5018 1671 5069 ri·

74 5164 214 5227 aiqmmfflu
232 5164 350 5216 solrmat.
372 5185 406 5197 -
424 5161 447 5208 1.
463 5153 629 5207 Meobemetes
639 5148 714 5212 igitur
724 5159 783 5196 rere
800 5158 840 5193 an.
895 5152 961 5198 curn,
974 5137 1072 5185 centurn
1080 5131 1130 5181 tere
1141 5127 1173 5177 ab
1184 5127 1245 5175 AEno
1258 5117 1343 5171 stadiis
1352 5114 1493 5175 distantem,
1505 5107 1627 5175 pervenit.
1638 5133 1672 5145 -

77 5253 129 5299 1115
139 5265 196 5301 erun
208 5248 385 5317 qninquaginta
399 5242 511 5306 equitum
528 5236 638 5288 millibus
654 5237 680 5284 ot
692 5231 784 5295 majore
801 5243 842 5294 pe-
898 5231 935 5278 15.
941 5227 1040 5275 interea
1046 5219 1151 5270 11551555
1160 5208 1363 5264 tnsmotnraoen
1373 5195 1670 5265 rabennantium

77 5336 148 5389 111555
164 5353 266 5391 numero
293 5330 453 5396 adrianopoli
470 5328 595 5394 protentus
622 5321 733 5386 septimis
754 5317 842 5369 castris
896 5311 999 5379 Cypsela
1013 5309 1141 5370 adregem
1154 5297 1240 5366 legatie
1253 5295 1339 5349 urbem
1352 5281 1673 5353 dederuntyqnamdelnde

68 4731 162 4795 ’555555
182 4733 306 4798 weber.

71 4822 176 4868 51151515
187 4824 209 4870 et
219 4819 362 4885 proventus
372 4808 543 4875 compluribus
558 4801 700 4854 Critobulus
711 4797 837 4859 describit,

69 4904 182 4967 1111151155
193 4909 252 4971 (nn.
268 4903 345 4967 1131)
355 4901 464 4951 11555155
474 4888 700 4955 rextanaro(deb.
714 4886 839 4949 Ceorqto)

453 4983 552 5046 .titi)
573 4977 727 5038 reddiderat,
748 4974 840 5025 tributo
