3838 6030
495 440 669 499 flts't‘outu
691 438 741 498 bit
765 438 891 499 Ruunt
914 438 965 496 DE
986 437 1178 497 uolunta.

78 571 110 652 [ᾗ
141 571 207 649 ὄπ]
233 573 304 627 blais
332 573 357 626 ia
383 571 587 626 bienlreureuse
615 584 643 626 et
669 582 819 626 vertueuse

37 663 160 729 flaiani,
174 680 243 716 avec
267 659 425 733 Hripsime,
442 660 536 715 eievie
553 659 623 714 dans
644 661 670 715 ia
687 662 817 729 suntote,

38 763 64 805 et
78 770 124 806 ses
144 762 240 804 autres
253 762 442 823 compagues,
458 767 492 802 eu
507 760 626 823 pensant
642 768 678 804 au
693 768 757 803 voeu
773 768 818 805 ro-

41 842 145 915 tigieux
157 838 194 893 de
209 839 332 892 chastete
344 837 462 909 qu'etles
469 838 578 892 avaient
588 837 648 906 fait,
658 839 819 912 pleuraient

39 927 182 983 ensembie
202 944 252 980 sur
271 938 316 981 cet
327 925 414 980 ordre
426 925 465 979 du
480 926 524 980 roi
538 927 624 1000 impie
638 936 666 980 et
680 926 817 1001 depravet,

40 1020 86 1091 qui
102 1017 227 1089 exigeait
239 1015 278 1071 *de
294 1015 363 1069 saire
378 1016 453 1069 leurs
472 1017 616 1088 portraits.
632 1015 706 1073 Eiles
721 1032 750 1069 se
764 1017 819 1069 mi-

40 1117 101 1160 nent
124 1105 201 1160 done
218 1105 233 1158 'a
250 1105 327 1178 prier
351 1121 418 1158 avec
442 1122 498 1158 une
519 1103 627 1178 grande
651 1104 775 1177 ferveur,
789 1115 817 1159 et

40 1193 226 1249 solliciterent
245 1188 329 1248 l’aide
343 1192 381 1248 du
398 1194 471 1247 Dieu
484 1192 726 1260 ιιιίιθυιοοιδίευιι,
743 1211 819 1267 pour

41 1283 109 1356 qu'il
125 1281 165 1337 ies
180 1280 300 1336 delivrait
313 1280 351 1335 du
365 1280 471 1354 danger
484 1282 534 1354 qui
550 1281 588 1335 ies
603 1283 741 1354 menacait
744 1316 815 1337 ......

79 1370 109 1447 [S
131 1369 194 1447 65].
211 1369 303 1443 Apris
327 1370 401 1436 cela,
416 1370 505 1424 sainte
520 1368 625 1425 Gaiani
640 1380 668 1424 et
683 1387 712 1425 sa
739 1388 817 1423 com·

40 1480 131 1535 pugne
145 1458 305 1535 Hripsimir,
325 1476 393 1513 avec
415 1459 491 1513 l'eurs
512 1468 672 1513 vertueuses
696 1476 815 1532 compa—

41 1569 123 1621 pnes,
139 1550 248 1623 prirent
272 1547 300 1601 la
324 1546 393 1602 inite
412 1558 440 1601 et
462 1548 575 1602 vincent
596 1548 666 1602 daus
687 1565 726 1603 un
749 1565 818 1620 pays

40 1640 158 1692 toiutain
176 1655 255 1711 pour
273 1653 423 1691 conserver
435 1637 511 1691 leurs
525 1636 600 1691 antes
616 1635 685 1690 dans
700 1636 726 1689 ia
742 1637 816 1689 sain-

43 1730 111 1795 ῑοιὸ,
126 1727 183 1781 Ιοίιι
196 1725 234 1780 de
248 1742 293 1779 ces
303 1724 431 1779 hommes
443 1725 577 1799 grossiers
581 1765 653 1783 ......

79 1812 108 1892 [S
122 1811 172 1889 66]
177 1856 236 1870 .....
249 1813 322 1867 Elles
336 1812 493 1868 arriverent
507 1814 614 1868 ensuite
631 1832 667 1867 en
681 1813 814 1867 Aruriuie

41 1904 110 1958 «iaus
124 1905 150 1958 la
163 1902 302 1978 province
319 1900 465 1968 d’Ararat‚
481 1901 550 1956 dans
564 1902 590 1955 ia
605 1902 670 1955 ville
688 1899 725 1956 de
739 1904 825 1978 Vagj

39 1992 234 2059 liarscbabad,
263 1991 336 2044 aussi
368 1991 484 2063 appelie
513 1989 704 2063 Noritagbakn
728 1984 814 2065 (Vilte

41 2082 163 2153 bermo),
179 2078 301 2154 capitale
314 2078 354 2133 du
367 2080 412 2133 roi
429 2078 600 2133 d’Armenie.
614 2078 687 2132 Elios
700 2095 731 2132 se
748 2079 815 2131 reti-

41 2170 134 2224 riereut
162 2168 232 2223 dans
252 2187 293 2222 uu
317 2166 430 2222 endroit
457 2166 496 2221 oia
523 2166 580 2221 l’ou
609 2167 756 2220 renuissnit
777 2168 816 2220 les

48 2276 1647 2302 *ΗΜ

78 2355 159 2428 §bu
173 2338 385 2423 Θεασαμένη
355 2371 399 2405 ουν
416 2354 431 2419 ἡ
446 2347 636 2427 μακαριωτάτη
652 2347 793 2419 ΙιιιανλΙ
769 2370 814 2405 συν

11 2498 12 2501 ,
42 2440 149 2518 τῇόιγία
167 2439 280 2519 &Papium
302 2438 346 2495 καὶ
367 2445 424 2502 ταῖς
446 2437 548 2502 λοιπαῖς
575 2436 746 2510 σιμιοτάγαις
769 2437 814 2495 καὶ

42 2527 202 2606 ἁγιοτρόποις
211 2525 338 2605 γυναιξιν,
347 2526 556 2603 ἐμνήσθησαν
525 2549 570 2593 της
581 2524 656 2603 διγίας
669 2528 814 2601 ιἰποταγῆς,

44 2616 84 2673 καὶ
97 2639 142 2675 του
163 2639 260 2691 σειινου
243 2614 350 2692 βίον,
365 2614 470 2685 καὶτῆς
484 2612 609 2672 ἐπιπόνου
625 2617 755 2690 διαγωγῆς
769 2613 814 2672 καὶ

44 2709 169 2786 τροφῆς,
158 2694 268 2770 ε’ναῖς
251 2726 319 2773 ησαν
330 2702 445 2761 ἔκπαλαι
457 2725 533 2761 παιι
511 2702 646 2762 ευθεῖσαι.
688 2702 756 2762 Τότε
769 2693 813 2759 ουν

45 2794 235 2862 ὀλολύζουσαι
222 2810 250 2849 εν
264 2794 370 2857 ἑαυταῖς
384 2790 427 2848 διδ
441 2789 487 2861 τὴν
504 2789 680 2858 ἀπόδειξιν
647 2814 694 2861 της
715 2794 812 2848 ἑαυτῶν

45 2881 216 2958 διαγνώσεως,
233 2885 280 2952 τῆς
296 2881 339 2939 ἐπὶ
354 2884 399 2938 τοῦ
417 2879 584 2990 preparabitur
599 2902 644 2937 και
658 2880 812 2992 παρανόμου

47 2971 194 3045 βασιλέως
180 2969 223 3027 ιιδι
237 2974 283 3040 τῆς
302 2967 441 3033 εἰκόνος’
413 2971 497 3026 αυτῶν
512 2968 664 3046 γενομένης,
682 2970 758 3034 εἰς’
735 2968 812 3047 ευχδις

45 3080 86 3115 και
110 3056 302 3135 ἐπιπονωτέρας
324 3056 449 3128 ἀσκήσεις
471 3057 627 3136 τραπεῖσαι,
647 3057 811 3135 παρεκάλουν

45 3147 84 3204 τον
106 3147 234 3255 ἔλιημονα
249 3146 319 3207 Θεὸν
339 3150 466 3224 βοηθῆσαι
491 3149 595 3219 αὐταῖς,
610 3145 655 3205 καὶ
677 3144 807 3213 ἐξελέσθαι

46 3234 119 3303 ιῦτδς
133 3242 177 3295 τῶ
191 3239 391 3314 πιιρασμοῦ....

80 3326 96 3400 S
118 3326 165 3383 65.
187 3325 240 3384 tint
261 3323 328 3400 μετὰ
345 3324 537 3400 sectabimini
552 3324 674 3400 Γαιανλ
669 3322 758 3417 μετὰ
759 3328 808 3385 Ρι-

45 3411 173 3490 ψίμης
132 3437 176 3472 και
190 3416 237 3483 τῆς
252 3415 349 3482 λοιπης
362 3411 510 3482 συνοικίας,
521 3411 566 3469 καὶ
589 3417 634 3484 τῆς
650 3402 810 3489 σὲμνοτάτης

45 3501 169 3577 συνοδίας,
186 3500 348 3575 ἰξελθουσαι,
363 3499 515 3578 ἐπορεύοντο
533 3500 692 3578 οεόγουσαι,
704 3497 788 3558 ἵνα
762 3526 809 3567 τας

45 3589 136 3647 ἑαυτῶν
157 3591 243 3672 ψυχὰς
263 3593 288 3648 ἐν
311 3589 486 3668 ἇγνότητιτη
454 3588 604 3667 τηρήσωσιν
626 3591 652 3647 ἔν
672 3592 709 3647 τῶ
731 3580 809 3671 φιλα-

46 3698 123 3754 μαρτι
119 3702 185 3753 ,μανι
208 3677 294 3758 τούτῳ
317 3680 411 3758 κόσμον
435 3676 546 3736 άπο“
510 3700 562 3734 των
585 3677 744 3757 παρανόμων
764 3680 808 3735 ιἰν-

46 3764 195 3843 braiaum...

78 3856 142 3930 §66
146 3899 230 3917 .......
247 3846 367 3914 Τότε
337 3877 380 3913 ουν
403 3856 523 3913 ἐλθουσαι
544 3854 683 3936 φθάνουσιν
698 3854 730 3913 τὰ
751 3854 809 3934 δια

45 3964 83 4011 τις
101 3942 305 4023 ’λρμενίας,εἷς
319 3941 382 4023 'Apa
385 3942 434 4021 ρδιτ
453 3942 501 4015 τὴν
522 3942 651 4021 πατρθδ,
620 3967 636 4002 ιι
668 3942 712 4002 καὶ
734 3944 808 4004 Οὐα-

45 4028 186 4109 λτρσαπδιτ,
204 4032 251 4102 τὴν
267 4031 482 4108 καλουμένην’
453 4055 515 4090 νεαν
529 4031 617 4107 πόλιν,
634 4031 806 4109 κεκτιεμένην

11 4120 13 4143 ³
47 4118 75 4183 ‘tt
57 4121 274 4229 οἰκητηριον
237 4144 290 4179 των
303 4120 475 4199 βασιλέων
442 4145 490 4192 της
502 4078 647 4199 'Appenino
666 4120 807 4188 Ἐλθοῦσαι

47 4195 82 4262 ουν
102 4209 153 4270 εἷσέ
156 4232 263 4291 ργονται
285 4209 375 4285 εἰς
338 4234 396 4277 τους
414 4210 557 4283 ληνοὺς
521 4236 573 4271 των
597 4213 771 4290 ἀμπελώνων,
783 4213 808 4273 οἳ

46 4294 100 4355 εἰσὶν
114 4296 311 4378 ᾠκοδομημένοι
331 4298 437 4357 άποο
406 4302 489 4381 βορρᾶ
508 4300 577 4359 κατὰ
597 4301 743 4389 ιἰνοιτολθις,
760 4326 815 4360 και

47 4383 168 4467 θτρίροντο
183 4390 261 4446 ἐκ
225 4412 277 4447 των
292 4388 395 4447 ιδίων’
380 4412 433 4447 απο
455 4392 502 4459 τῆς
517 4390 661 4468 impie*
628 4413 675 4461 της
689 4390 804 4464 πολεως,

48 4475 115 4544 μηδὲν
127 4476 173 4553 μὲν
185 4476 294 4557 ἔχουσαι
309 4479 366 4554 μεθ’
376 4480 487 4551 ἑαυτῶν,
501 4480 560 4537 ἀλλ’
570 4477 609 4537 ότι
621 4479 669 4558 μία
682 4479 806 4548 ἐξαύτῶν

47 4561 116 4623 εἰδυῖα
130 4568 220 4642 βελουρ
207 4567 296 4645 ργιῖν
288 4570 316 4626 ti.
324 4568 400 4625 θελοι
403 4567 497 4647 ργεῖν),
507 4567 697 4650 τηςθφημόρου
709 4575 806 4650 τροφῆς

49 4650 121 4709 ιθτων
134 4654 293 4734 ἐχορήγει
266 4679 313 4722 τας
325 4655 425 4735 χρείας.

79 4742 153 4816 567.
170 4744 240 4803 Τότε
262 4744 344 4818 δὴ
319 4769 348 4805 ου
372 4744 454 4827 μικρδι
477 4746 583 4827 ταραχὴ
602 4748 704 4825 ἐγένετο
724 4749 804 4830 ἔν”τῃ

48 4819 220 4903 ‘papatu'
183 4856 287 4912 γωρα,
283 4832 328 4892 καλ
338 4838 463 4913 πανταχῆ
473 4835 624 4911 πέμπονται
632 4838 668 4904 εἰς
683 4835 803 4911 ζητησιν,

49 4914 221 4992 ελδυνιιτθν,
197 4923 281 4999 captiv
296 4921 387 4991 αὐτάς.
403 4913 596 4982 Φθόνουσιν
566 4946 610 4983 ουν
622 4928 649 4984 ἐν
663 4923 802 5006 ἐκαίνιρ“
766 4950 804 5007 τῳ

48 5007 120 5110 καιρῷ
132 5002 237 5084 ἄγγελοι
247 5008 310 5087 πρὸς
320 5010 362 5080 Τη
366 5011 479 5088 ρηδάτην
493 5012 605 5091 βασιλέα
616 5011 789 5124 Ἀρμιγῖας,’
777 5039 804 5073 εν

48 5090 103 5170 αὐτῇ
121 5116 152 5175 τῃ
136 5033 379 5173 Οὐαλαρσαπδιτρ
389 5098 478 5157 πόλει·
500 5100 546 5158 καὶ
566 5104 600 5167 ῶς
621 5100 803 5180 προσήνεγκαν

47 5176 357 5254 diminutivorum
378 5185 446 5259 μετὰ
465 5196 559 5264 χαρᾶς
599 5179 655 5248 Ἦν
670 5188 698 5246 δὲ
712 5193 802 5247 τοῦτον

48 5264 85 5321 τὸν
94 5268 168 5330 τθπον
183 5272 293 5351 ἔχουσα·
308 5274 484 5354 Αὐτοκράτωρ
497 5277 602 5355 Καῖσαρ
617 5277 802 5347 Διοκλητιανδς
856 5287 953 5348 perator
959 5284 1043 5334 Cesar
1050 5282 1312 5335 Diocletianusdrlecto
1321 5282 1390 5333 irato
1398 5290 1423 5332 et
1431 5283 1513 5334 tbrom
1522 5284 1632 5348 eiusdem

1588 444 1647 505 {39

875 591 959 627 cuves
969 590 1045 646 pour
1060 573 1099 626 ies
1113 574 1211 646 vignes
1224 575 1272 645 qui
1289 584 1354 627 sont
1366 574 1468 628 situees
1486 585 1565 629 entre
1585 575 1647 631 1‘0-

874 662 948 716 rient
968 672 997 716 et
1010 662 1034 716 ie
1051 660 1148 732 Nord‚
1162 672 1191 716 et
1204 659 1269 716 elles
1302 663 1423 716 vivaient
1444 662 1586 718 ensemble
1599 664 1648 719 des

874 751 972 805 choses
982 750 1097 823 qu’elles
1107 751 1266 805 achetaient
1275 750 1327 811 iria
1338 751 1402 805 ville
1414 772 1421 819 3
1433 752 1499 805 elles
1509 751 1649 807 n'avaieut

874 840 957 912 point
972 839 1093 894 d’autres
1107 841 1276 913 provisions.
1293 841 1358 895 Une
1378 839 1474 894 d'eiIes
1495 840 1647 895 seulement

873 930 963 983 savait
975 929 1116 983 travailier
1129 930 1155 983 le
1165 948 1261 997 verre,
1276 940 1304 983 et
1318 927 1472 1001 fabriquait
1484 928 1533 983 des
1545 930 1646 1002 perles,

873 1017 945 1072 dont
960 1017 1065 1091 leprix
1079 1020 1180 1074 servait
1194 1037 1271 1092 pour
1283 1018 1347 1072 leur
1366 1018 1530 1073 nourriture
1547 1023 1637 1091 quoti-

873 1106 985 1165 dienuc.

1221 1286 1297 1340 xlv.

915 1449 1010 1532 [§67.]
1024 1456 1064 1509 En
1073 1474 1105 1510 ce
1114 1456 1318 1531 temps*IA,uue
1330 1455 1437 1529 grande
1448 1456 1647 1529 perturbatiora

872 1562 902 1598 se
926 1542 1071 1601 manifesta
1090 1543 1159 1599 dans
1181 1546 1206 1599 le
1230 1564 1298 1618 pays
1321 1544 1370 1600 des
1394 1546 1545 1613 Romains,
1559 1558 1587 1601 et
1611 1566 1649 1601 ou

872 1630 1014 1706 expediait
1036 1631 1070 1686 de
1092 1644 1157 1686 tons
1172 1635 1210 1688 les
1230 1634 1307 1688 cotes
1329 1634 1378 1688 des
1393 1633 1536 1690 courriers
1550 1647 1579 1690 et
1599 1636 1648 1690 des

872 1738 1025 1794 messages‚
1039 1719 1094 1775 afiu
1110 1721 1145 1776 de
1157 1725 1281 1794 pouvoir
1292 1732 1441 1778 retrouvcr
1454 1724 1492 1778 les
1505 1722 1644 1798 fugitives.

871 1811 954 1865 Alors
970 1828 1009 1863 un
1027 1810 1223 1867 ambassadeur
1235 1811 1278 1866 sut
1292 1816 1400 1885 envoye'·
1415 1814 1430 1867 a
1444 1813 1588 1881 Tiridate,
1602 1817 1647 1868 roi

871 1899 906 1954 de
921 1899 948 1953 la
962 1896 1240 1967 Grande-Armenta,
1251 1912 1279 1955 et
1291 1903 1352 1955 vint
1367 1913 1484 1956 trouver
1498 1921 1531 1957 ce
1547 1904 1647 1976 prince

871 1987 938 2043 dans
947 1988 975 2042 ia
983 1988 1048 2042 viiic
1058 1987 1094 2042 de
1105 1989 1346 2061 Vagbarscbabad.
1355 1991 1456 2062 Quanti
1469 1992 1597 2065 i’euvoye'·
1609 1993 1646 2046 iai

871 2078 954 2132 remit
978 2077 1070 2144 l'e'dit‚
1084 2078 1111 2131 le
1127 2078 1171 2132 roi
1185 2079 1211 2133 ie
1233 2080 1291 2152 prit
1305 2080 1340 2134 de
1355 2098 1384 2135 sa
1398 2081 1474 2135 main
1489 2099 1557 2136 avec
1575 2081 1645 2154 joie.
1682 2070 1685 2075 ⁴

872 2167 950 2220 Voici
965 2185 997 2220 ce
1010 2185 1050 2238 qu
1051 2166 1078 2220 'il
1090 2169 1281 2224 coutenait2·
1269 2169 1479 2243 ·L'empereur
1488 2172 1646 2226 Diocle'tieu

901 2347 916 2410 θ
927 2354 966 2398 bt
976 2353 1034 2401 Aac
1044 2362 1102 2413 ergo
1111 2363 1169 2397 curu
1181 2350 1329 2413 perspiceret
1338 2349 1478 2401 beatissima
1488 2353 1579 2403 Gaiana
1589 2370 1646 2404 curu

868 2453 952 2501 sancta
964 2451 1073 2515 Ripsimo
1086 2454 1112 2501 et
1125 2451 1226 2514 reliquis
1235 2452 1378 2503 castissimis
1388 2457 1578 2518 sanctorumque
1591 2470 1644 2505 mo·
1725 2454 1730 2459 '

868 2564 922 2599 rum
932 2550 1088 2612 mulieribus,
1098 2551 1232 2601 recordatae
1241 2554 1300 2602 suut
1308 2555 1401 2602 sancta
1409 2554 1611 2615 renuntiationis
1620 2562 1645 2606 et

868 2645 1023 2707 vilecastro,
1032 2647 1533 2699 etiaboriosaovireudiratiouisetvictus
1542 2651 1646 2712 ,quibus

867 2743 924 2791 olim
946 2747 1015 2793 eraut
1036 2743 1163 2794 institutae.
1186 2746 1271 2807 Itaque
1288 2744 1429 2795 lamentates
1448 2760 1532 2796 seeum
1546 2752 1643 2811 propter

866 2840 1087 2890 manifestationem
1096 2854 1166 2890 suam
1170 2840 1270 2904 ,apud
1263 2841 1460 2904 impurissimum
1470 2846 1495 2891 et
1507 2842 1644 2907 improbum

865 2935 1037 3001 imperatorem
1059 2951 1102 3000 per
1122 2937 1251 3002 buaginem
1269 2939 1378 3002 ipsarum
1397 2939 1502 2999 iactatu,
1516 2954 1593 2990 versae
1612 2943 1643 2992 ad

865 3046 949 3096 preces
960 3036 986 3083 et
997 3032 1132 3083 laboriosas
1141 3032 1218 3097 magis
1230 3034 1418 3085 exercitationes
1426 3035 1561 3099 ,rugabant
1571 3037 1645 3087 raise-
1693 3056 1697 3061 ·

864 3129 984 3180 ricordem
994 3132 1088 3192 Deum,
1098 3132 1127 3180 ut
1136 3130 1184 3181 srbr
1193 3144 1264 3195 opem
1276 3132 1363 3183 terret
1371 3131 1464 3195 riteque
1473 3135 1643 3186 retentatione

863 3229 980 3278 liberaret
982 3265 1029 3280 .....

893 3330 959 3394 §ab
975 3334 1035 3381 Post
1047 3331 1101 3380 tuac
1116 3333 1201 3381 sancta
1214 3331 1305 3381 Gaiana
1314 3345 1372 3380 cum
1382 3332 1491 3396 Ripsime
1503 3336 1528 3384 et
1542 3335 1643 3397 reliquis

863 3468 1060 3519 cohabitantibus
1078 3472 1103 3518 et
1120 3482 1177 3518 enm
1190 3468 1364 3519 honestissimo
1376 3471 1508 3532 comitatu,
1523 3485 1641 3536 egressio,
1664 3456 1667 3465 ⁸

862 3606 1021 3657 discedebant
1036 3607 1173 3673 fugientes,
1188 3608 1239 3659 ut'
1232 3622 1257 3658 m
1270 3608 1363 3659 mundo
1376 3610 1424 3661 boe
1436 3613 1545 3675 peccatis
1558 3613 1642 3665 dedito

862 3750 956 3801 animas
971 3764 1028 3801 suas
1041 3752 1073 3801 ab
1085 3752 1205 3815 improbis
1217 3752 1363 3802 bominibus
1369 3761 1497 3806 servarent
1506 3759 1587 3807 castas
1589 3795 1637 3810 .....

893 3865 953 3929 §oo
956 3901 1013 3915 ......
1029 3864 1117 3929 Itaque
1134 3868 1194 3915 tunc
1208 3866 1341 3929 proiecta,
1356 3872 1521 3932 pervenerunt
1536 3870 1569 3920 ad
1582 3886 1639 3922 oon·

862 3964 920 4013 buia
932 3964 1067 4025 Armenian,
1082 3964 1107 4014 in
1120 3964 1271 4028 provinciam
1282 3967 1385 4027 Armet,
1399 3967 1425 4015 et
1435 3964 1468 4014 ad
1479 3966 1639 4031 Vabrsapat,

861 4061 951 4111 dictatu
969 4074 1059 4111 novam
1072 4060 1210 4121 civitatem,
1224 4074 1280 4124 quar
1299 4060 1399 4111 condita
1413 4065 1466 4112 erat
1483 4076 1528 4125 pro
1544 4064 1638 4115 babita-

859 4160 926 4209 tione
947 4171 1031 4222 regum
1054 4158 1185 4209 Αιιιιοιιίω
1201 4158 1249 4207 Ubi
1269 4172 1299 4209 eo
1320 4162 1502 4223 pervenerant,
1523 4159 1640 4225 ingressae

859 4257 884 4306 in
897 4256 1030 4307 torcularia
1044 4255 1171 4306 unaarum
1183 4270 1242 4320 quo
1254 4261 1313 4307 sunt
1324 4256 1446 4307 oditieata
1458 4271 1487 4307 ex
1506 4261 1576 4322 parto
1592 4259 1636 4308 bo·

859 4354 918 4404 reali
927 4367 1015 4405 versus
1024 4354 1159 4415 orientem,
1170 4357 1194 4404 et
1205 4354 1377 4404 nutriebantur
1385 4354 1417 4404 de
1427 4355 1532 4418 propriis
1542 4369 1573 4405 ex
1586 4356 1639 4405 soro

858 4454 979 4514 civitatis,
993 4453 1161 4519 nibiiquidem
1174 4468 1260 4504 serum
1273 4454 1404 4513 babentes,
1417 4455 1461 4504 sed
1472 4455 1530 4518 quia
1545 4469 1594 4505 una
1607 4470 1638 4506 ex

857 4551 906 4602 iilis
920 4552 1037 4602 noverat
1030 4566 1054 4600 ιιι
1066 4545 1131 4601 vitr'n
1140 4551 1250 4614 operari,
1264 4550 1296 4600 ad
1305 4549 1476 4612 quotidianum
1487 4551 1580 4601 vietum
1596 4566 1631 4603 ue

857 4652 964 4701 cessaria
976 4651 1034 4715 ipsis
1046 4649 1226 4714 suppeditabat.

888 4753 904 4816 §
917 4757 956 4804 ot.
971 4757 1003 4803 At
1014 4767 1063 4803 non
1082 4753 1179 4803 modica
1194 4766 1223 4803 eo
1236 4754 1346 4815 tempore
1363 4752 1426 4801 taeta
1439 4755 1479 4803 est
1491 4754 1618 4806 turbatio
1611 4769 1636 4805 m

857 4840 954 4904 repone
974 4844 1156 4902 Romanorum,
1172 4844 1197 4892 et
1217 4852 1417 4903 quoquoversum
1438 4843 1579 4905 mittuntur,
1593 4846 1635 4907 qui

856 4930 1017 4993 investigent,
1029 4929 1138 4990 utilite,
1151 4929 1172 4979 si
1185 4928 1292 4993 possint,
1306 4929 1438 4979 inveniant
1460 4931 1636 4997 Veniuntergo

856 5018 1014 5081 illotempore
1023 5018 1101 5068 nuntii
1111 5018 1144 5068 ad
1152 5017 1286 5067 Teredaten
1294 5030 1376 5080 regem
1386 5019 1543 5071 Armeniam
1556 5019 1634 5083 ipsam

856 5106 979 5158 civitatem
1004 5107 1175 5170 Valarsapat:
1196 5108 1222 5156 et
1236 5105 1365 5170 epistotam
1385 5121 1461 5169 quarn
1483 5109 1632 5171 attuierunt,

856 5195 950 5259 accepit
965 5208 1020 5244 cum
1033 5195 1132 5259 gaudio.
1149 5199 1206 5246 Erat
1222 5198 1305 5243 autem
1320 5193 1575 5256 seriptabocmodo:
1569 5199 1633 5247 ··lm
