3842 6036
19 436 21 501 ι
403 437 654 500 nncnnnnns
675 441 806 502 nnnns
825 444 864 502 x.
886 447 970 511 none
991 444 1178 523 (ino-neo
1198 448 1232 508 n.
1256 449 1315 528 n).

19 578 21 631 1
61 570 192 643 τεστήσας
207 572 315 645 αὐτοῖς,
327 570 405 636 αθτδς
420 575 445 641 ἒς
459 574 619 634 Μαντίνειαν
634 575 772 650 ἀπελθὼν,
788 602 836 637 πο·

19 704 21 765 γ
62 661 153 740 λίχνην
174 661 328 740 παράλων,
355 659 422 737 μετά
446 684 475 719 τε
499 666 545 732 τῇς
570 663 692 741 γυναικὸς
717 664 762 723 καὶ
784 670 836 725 τῶν

19 782 20 793 ι
64 749 158 806 παίδων
178 747 228 807 καὶ
252 751 304 806 τῶν
326 748 460 827 ἀρχόντων
482 749 572 823 ίνίων,
595 751 640 810 καὶ
660 753 837 820 κατακλείσας

19 886 20 899 2
64 837 147 898 ἑαυτὸν
168 840 227 896 ἐκεῖ
250 837 401 915 περιίμενεν
426 839 586 899 ἀποσκοπῶν
608 845 654 899 τοῦ
668 841 786 919 πολέμου
805 842 837 901 τὸ

19 936 20 989 ἴ
61 925 148 1004 πίρας.
163 926 197 1000 (αλ
219 920 338 984 'fliam
360 924 412 1007 γάρ
437 924 476 1003 με]
499 925 569 987 οὕτω
590 929 687 1010 βαδίως
712 930 834 989 ἐνδώσειν

19 1052 20 1071 ι
62 1022 144 1072 πᾶσαν
168 1010 219 1082 τὴν
245 1010 381 1086 Πίλοπος,
397 1014 488 1093 χώραν
505 1039 534 1074 τε
558 1006 638 1074 ούσαν
666 1014 834 1096 ἐχυρωτάτην

19 1122 21 1167 i
62 1100 190 1177 φύσινκαὶ
202 1099 294 1167 πόλεις
309 1100 424 1181 ίχουσαν
435 1101 533 1184 όχυράς
551 1102 597 1162 καὶ
611 1103 721 1184 φρούρια
735 1100 834 1184 ίρυμνθι

63 1188 110 1248 καλ
132 1190 287 1265 δυσίδεντα,
301 1191 372 1248 ἀλλά
387 1189 433 1249 καί
452 1213 512 1250 τινα
525 1194 578 1251 τῶν
603 1192 733 1272 φρουρίων
749 1190 767 1263 ἢ
781 1195 834 1251 τῶν

19 1314 20 1319 =
65 1276 228 1354 πυλωμάτων
251 1277 499 1358 περιλειφθήσεσθαι
513 1283 552 1359 τῷ
566 1279 678 1360 πολίμῳ
696 1280 835 1359 περιγενό-

19 1324 21 1399 4
67 1386 148 1443 μενα,
161 1365 203 1423 καλ
214 1364 282 1424 οὕτω
297 1364 378 1425 πάλιν
396 1367 461 1437 ίξιιν
485 1368 564 1428 αύτδν
587 1367 682 1427 ἐλπίδα
705 1369 767 1428 τινδι
790 1370 834 1428 καλ

67 1452 211 1533 καταφυγήν
229 1455 257 1511 δν
273 1454 482 1534 Πελοποννήσῳ·
495 1456 553 1515 len
563 1453 591 1515 δὲ
602 1446 655 1516 εἶδε
669 1456 756 1515 πάντα
774 1480 833 1537 χει·

65 1538 170 1619 ρούμενα
180 1541 226 1599 καὶ
237 1541 329 1609 πολεῖς
343 1543 392 1603 καὶ
404 1543 532 1625 φρούρια,
542 1543 576 1604 ei
591 1542 639 1622 μὲν
652 1543 679 1613 ίξ
691 1546 835 1626 ἐπιδρομῆς

19 1622 22 1661 4
65 1628 106 1707 βίῳ
124 1637 177 1695 τοῖς
199 1628 308 1705 ὅπλοις,
322 1629 356 1688 τά
381 1629 409 1689 δδ
433 1631 527 1691 ἑκόντα
553 1637 766 1712 παραχωροῦντα
788 1631 833 1690 καλ

64 1717 140 1795 χινρλςΙ
154 1719 274 1796 ἀνάγκης
291 1722 460 1793 ἡστινοσοῦν,
474 1721 520 1779 καλ
533 1729 623 1778 πᾶσαν
637 1720 684 1790 τήν
699 1720 833 1793 Πέλοπος,

65 1803 119 1862 ἀνευ
127 1803 215 1881 με’ντοι
224 1827 255 1885 γε
266 1807 338 1865 δυοῖν
348 1806 365 1879 ἢ
374 1813 453 1888 τριῶν
463 1810 567 1867 πόλεων
578 1809 732 1873 Ἐνετικῶν,
740 1810 833 1888 σχεδὸν

63 1890 108 1962 ήάε,
137 1894 354 1971 κατειλημμένην
390 1894 437 1955 καί
473 1894 671 1973 κατιχομίνην,
701 1895 756 1954 τότ’
781 1898 833 1969 ήδη

66 1977 162 2037 πάντων
177 1980 310 2055 ἀπογνοὺς
329 1986 382 2041 τῶν
405 1987 486 2042 αὑτοῦ
500 1985 682 2062 πραγμάτοιν,
703 1985 786 2060 inei<
808 1987 834 2053 ἐς

65 2070 276 2149 πεντηκοντόρους
293 2070 339 2130 δύο
368 2071 471 2151 ξύναμα
487 2073 591 2150 γυναικὶ
608 2073 654 2132 καλ
672 2072 770 2140 τίκνσις
788 2074 834 2133 καί

65 2176 111 2214 τισι
126 2161 176 2215 τῶν
189 2159 330 2238 ἀρχόντων
343 2158 429 2242 ᾤχετο
450 2163 476 2228 ἔς
498 2162 637 2240 Κέρκυραν
652 2163 830 2230 ἀποπλεύσας.

63 2238 131 2302 Ὅσοι
143 2244 170 2304 θλ
181 2250 234 2305 τῶν
248 2246 388 2327 ἀρχόντων
399 2240 469 2322 ῇσαν
485 2252 512 2309 ἐν
524 2249 652 2331 φρουρίοις
666 2251 712 2309 καί
724 2251 832 2309 πολεσιν

63 2333 199 2411 ἀρμοσταλ,
223 2336 418 2404 καταλιπόντες
437 2344 541 2413 ταῦτα,
556 2334 717 2416 ὑπεξέφυγον
740 2339 766 2403 ἐς
786 2339 833 2405 τάς

66 2421 110 2477 τῶν
122 2419 231 2481 Ἐνετῶν
246 2422 338 2489 πόλεις
352 2425 504 2503 Κορώνειαν
515 2424 561 2482 καλ
572 2422 699 2494 Μεθώνην
719 2423 765 2482 καί
786 2426 833 2493 τδις

64 2507 144 2574 λοιτθς
153 2509 197 2568 καλ
209 2510 376 2583 διισώθησαν
389 2514 454 2573 ίκεῖ.
471 2514 509 2591 (n)
531 2511 586 2573 Καὶ
597 2510 666 2571 οὕτω
679 2521 770 2571 πᾶσαν
783 2513 831 2587 τήν

65 2599 104 2652 τό]
111 2596 222 2665 Πίλσπος
238 2597 332 2677 χώραν
342 2600 663 2681 θβασιλεθςίχειρώσατο,
672 2599 748 2680 ἔργον
762 2601 832 2678 μίγα

68 2680 154 2759 δρόσος
171 2686 216 2744 καὶ
238 2688 395 2764 θαυμαστὸν
415 2691 443 2747 ἀν
459 2688 528 2748 ούτω
553 2688 712 2769 βραχυτάτῳ
732 2694 832 2770 καιρῷ·

67 2768 130 2828 eino
146 2772 194 2853 γὰρ
216 2774 309 2845 ίξήκει
333 2775 364 2834 τὸ
387 2777 460 2858 θέρος
483 2777 543 2839 δλον
567 2774 613 2835 καθ
631 2786 706 2836 πᾶσα
730 2776 830 2858 εἴχετο,

19 2930 20 2939 γ
68 2855 144 2926 πολιις
164 2883 192 2918 τε
215 2863 315 2942 δχυραλ
334 2863 380 2922 καλ
394 2866 506 2945 φρούρια
523 2866 624 2944 ίρυμνθι
640 2867 686 2924 καὶ
705 2866 829 2946 πολίχνια

67 2944 132 3022 ίγηλς
143 2972 191 3008 που
206 2951 333 3011 διακόσια
347 2952 394 3011 καθ
407 2954 589 3027 πεντήκοντα,
600 2954 676 3035 χώρα
695 2958 747 3013 τῶν
766 2958 831 3016 ὀνο-

68 3037 162 3103 μαστῶν
172 3037 270 3097 ἀνωθεν
281 3037 328 3096 καὶ
339 3037 458 3118 ίνδόξων,
466 3041 512 3099 καὶ
521 3043 634 3101 πλεῖστα
644 3039 689 3098 καὶ
699 3041 829 3103 κάλλιστα

67 3117 120 3197 ἔργα
130 3122 172 3180 καὶ
185 3124 301 3203 μίγιστα
316 3123 348 3196 δ’]
362 3127 389 3184 ἐν
402 3128 456 3193 τοῖς
474 3127 533 3187 κατ’
547 3127 629 3200 αύτῇν
644 3127 828 3205 ίπιδειξαμένη

23 3244 24 3263 1
66 3218 164 3287 σειροῖς,
178 3214 222 3272 καλ
235 3212 353 3294 τρόπαια
376 3215 488 3294 λαμπρά
514 3216 567 3276 ἀπὸ
583 3216 725 3298 βαρόάρων
738 3240 767 3275 τε
781 3218 828 3277 καὶ

67 3292 185 3369 Ἑλλήνων
199 3301 391 3374 ἀναπείσασα,
407 3304 452 3363 καλ
468 3304 589 3372 ἀποικίας
607 3305 706 3370 πολλὰς
721 3302 830 3363 ἀποικί-

69 3403 139 3457 σασα,
150 3388 249 3466 ἄρξασά
263 3414 295 3450 τε
308 3392 414 3450 πολλῶν
425 3391 474 3449 καὶ
489 3394 591 3452 πολεων
603 3392 649 3451 καλ
664 3395 746 3470 γενῶν
762 3391 787 3450 ἔν
801 3415 829 3451 τι

66 3468 127 3554 ’λείη
145 3478 188 3536 καί
203 3477 322 3560 Εὐρώπη
339 3479 384 3536 καὶ
398 3476 431 3547 δή
445 3478 490 3538 καὶ
503 3479 591 3559 ΛιόύγΙ
608 3481 651 3538 καί
666 3478 753 3549 νήσων
777 3482 829 3537 τῶν

69 3562 197 3639 μεγίστων,
209 3568 308 3646 ἀνδρας
323 3590 353 3626 τε
370 3566 530 3636 ἀποδείξασα
552 3578 633 3627 πᾶσιν
651 3566 696 3626 ίπί
718 3590 746 3626 τε
763 3589 828 3647 φρο·

66 3645 127 3717 *ήσιι
139 3653 183 3711 καὶ
196 3655 305 3736 ἀνδρεία
320 3654 370 3715 καλ
382 3656 528 3737 στρατηγίῳ
547 3656 592 3714 καί
605 3660 638 3736 τῇ
652 3656 732 3733 λοιπῇ
745 3658 826 3734 ἀρετῇ

69 3739 105 3794 καὶ
118 3741 145 3814 ἓν]
163 3742 207 3802 καί
221 3744 309 3825 εὐεξία
330 3743 375 3802 καλ
389 3742 467 3824 βώμη
481 3743 612 3820 σωμάτων
629 3743 784 3822 κρατίστους
797 3765 827 3801 τε

69 3825 104 3883 ui
116 3832 285 3898 τελεωτάτους
299 3831 332 3890 δι’
344 3833 481 3902 ἀπάντων,
493 3830 537 3889 καί
551 3831 619 3899 υίσυς
632 3832 681 3890 ούκ
693 3832 761 3900 άλλη
775 3834 827 3889 τῶν

70 3911 163 3976 ἀπασῶν
182 3920 292 3997 οὐδεμία
313 3919 382 3990 πλήν
402 3943 433 3997 γε
447 3917 479 3990 δν]
497 3923 545 3991 τῇς
559 3917 720 3995 Ῥωμαίων,
735 3916 828 3984 θίσεόις

69 4019 91 4056 τε
101 4000 212 4083 λτχσῶσα
224 4006 334 4085 ἀρίστης
344 4030 373 4064 τε
384 4006 429 4066 καθ
442 4006 645 4086 ἐπικαιροτάτης
659 4008 686 4063 ίν
701 4012 766 4065 πᾶσι
777 4008 826 4082 γῇς

69 4092 139 4147 τεκαὶ
149 4094 300 4167 θαλάσσης,
310 4093 327 4154 ό
338 4118 364 4153 τι
378 4094 528 4175 κράτιστον.

101 4174 191 4242 xxiv.
215 4185 241 4242 Τ
242 4181 260 4240 ἀ
276 4182 324 4260 μίν
339 4181 371 4253 δή
393 4183 463 4243 κατθι
478 4180 525 4255 τήν
541 4183 660 4260 μεγάλην
674 4203 703 4238 τε
719 4179 764 4238 καλ
777 4203 826 4239 πε·

72 4260 181 4342 μύεννμον
191 4270 283 4350 χύιραν
294 4277 338 4329 τοῶ
353 4272 472 4337 Πελοπος
485 4271 537 4331 ὑπὸ
548 4270 691 4344 Ῥωμαίοις
701 4292 731 4327 τε
746 4259 826 4329 οάσαν

1610 460 1669 521 135

894 581 991 642 ἀνωθεν
1006 581 1052 640 καί
1066 584 1092 649 ίς
1106 584 1181 662 δεῦρο
1194 585 1283 650 καλῶς
1300 586 1345 643 ὑπ’
1360 586 1447 651 αὐτῶν
1463 590 1605 667 ἀρχθεῖσαν
1620 592 1669 664 τήν

892 679 980 730 πᾶσαν
991 715 999 740 ,
1012 670 1120 736 ἐλπίδας
1145 694 1174 729 τε
1190 673 1220 730 ού
1242 672 1337 750 μικράς
1358 674 1544 735 ὑποτείνουσαν
1563 678 1605 738 ἀεὶ
1623 681 1670 739 καθ

890 755 1032 833 Ῥωμαίοις
1045 757 1090 816 καλ
1100 759 1211 824 Ἰταλοῖς
1223 758 1273 836 δβί
1284 782 1348 819 ποτε
1364 764 1391 821 ἐν
1402 770 1501 840 καιροῖς
1515 764 1569 832 τοῖς
1585 788 1669 846 προσ·

890 844 997 914 ήκουσιν
1015 845 1141 925 ὠφελείας
1158 845 1205 906 καθ
1220 847 1357 926 βοηθείας,
1381 848 1419 916 δίς
1437 873 1466 908 τε
1492 857 1668 931 τειχισθεῖσεν

890 933 933 993 τὸν
947 933 1039 1009 ἰσθμὸν
1052 936 1078 992 iv
1092 942 1145 1001 τοῖς
1156 935 1292 1014 ἡμετέροις
1306 937 1424 1014 καιροῖς,
1440 937 1485 996 καθ
1499 939 1579 998 πάλιν
1593 951 1667 1022 παρὰ

889 1018 970 1086 πόδας
983 1025 1203 1100 καταρριφθεῖσαν
1214 1021 1320 1103 πολέμῳ
1332 1023 1384 1085 ύπδ
1399 1024 1551 1106 Μωράτιως
1561 1035 1607 1087 ποῶ
1619 1033 1668 1108 βα·

889 1104 979 1172 σιλίοις
998 1105 1112 1186 πατρὸς,
1132 1106 1213 1174 ούτοις
1235 1108 1398 1181 ἐτελεύτησε,
1440 1111 1474 1270 [τῇ
1488 1112 1617 1181 Βασιλεὺς
1639 1115 1668 1174 δδ

889 1193 965 1252 τδιίν
989 1195 1055 1273 αὐτῇ
1075 1193 1164 1253 πάντα
1185 1198 1273 1263 καλῶς
1292 1220 1321 1255 τε
1338 1198 1435 1265 καλῶς
1472 1223 1486 1256 ν
1508 1201 1580 1280 αὐτῷ
1598 1201 1667 1261 καεά

890 1286 948 1362 νοῦν
971 1280 1089 1361 πράξας,
1105 1281 1131 1349 ίς
1143 1306 1173 1341 τε
1187 1284 1321 1365 φυλακήν,
1335 1309 1421 1366 φημι,
1442 1287 1488 1346 καὶ
1509 1287 1558 1359 τήν
1582 1289 1667 1363 ἀλλην

890 1369 1048 1448 ἀσφάλειαν,
1071 1370 1209 1449 σατράπην
1229 1395 1257 1430 τε
1278 1373 1367 1444 πάσης
1386 1374 1432 1433 τὸν
1445 1373 1562 1454 Ἀμάρην
1584 1400 1668 1437 κατα-

889 1455 988 1529 λιπών,
1000 1455 1046 1515 καλ
1057 1458 1129 1517 λείαν
1139 1457 1180 1517 δτι
1190 1462 1317 1531 πλείστην
1331 1460 1428 1528 ἐλάσας
1439 1484 1468 1519 τε
1485 1465 1561 1530 αύτὸς
1573 1466 1618 1523 καὶ
1633 1471 1666 1546 τῇ

888 1555 999 1626 στρατιᾷ
1012 1545 1128 1620 διαδούς,
1142 1547 1221 1616 ίξεισι
1234 1553 1279 1606 τοῦ
1294 1552 1405 1626 ἰσθμοῦ,
1420 1548 1488 1628 ἔχων
1504 1555 1562 1628 μεθ’
1572 1555 1667 1615 ἑαυτοῦ

888 1632 992 1692 καὶτὸν
1016 1633 1145 1707 δεσπότην
1160 1636 1313 1716 Δημήτριον
1333 1636 1437 1715 ξύναμα
1456 1640 1560 1718 γυναικί
1577 1641 1667 1699 τεκαὶ

888 1722 995 1800 θυγατρί
1018 1720 1063 1779 καί
1086 1729 1139 1791 τοῖς
1168 1724 1414 1795 κατακολουθήσσσι
1438 1729 1492 1784 τῶν
1517 1728 1663 1806 ἀρχόντων.

889 1808 919 1885 (ε)
934 1807 1074 1885 Γενόμενος
1088 1811 1111 1867 δ’
1127 1812 1153 1868 ίν
1177 1811 1312 1893 Λεόαδείφι
1333 1813 1378 1873 τθν
1400 1813 1448 1891 μὲν
1470 1813 1598 1887 δεσπότην
1621 1815 1665 1885 ξὺν

888 1902 941 1961 τοῖς
958 1898 1035 1954 αὐτοῦ
1058 1897 1190 1976 παραδούς
1210 1897 1321 1978 ἄρχουσί
1335 1923 1364 1959 τε
1379 1901 1425 1960 καλ
1448 1901 1620 1978 στρατιώταις
1638 1904 1666 1973 ίς

886 2005 916 2040 τε
928 1981 1070 2061 ὑπουργίαν
1083 1985 1128 2043 καὶ
1139 1986 1277 2065 φυλακὴν,
1292 1987 1413 2048 ίκίλευσι
1425 1992 1509 2067 σχολῇ
1524 1989 1568 2047 καλ
1582 1993 1664 2068 βάδην

890 2069 970 2143 ίίναι,
980 2073 1039 2129 καθ’
1053 2071 1111 2132 θδδν
1135 2074 1348 2151 ἀναπαυομένους
1368 2075 1413 2134 διά
1434 2098 1463 2134 τι
1477 2076 1526 2143 τάς
1540 2081 1665 2153 γυναῖκας

887 2157 934 2216 καί
955 2158 989 2216 τά
1011 2160 1105 2218 παιδία
1127 2162 1174 2219 καὶ
1194 2161 1243 2233 τὴν
1264 2162 1348 2234 ἀλλην
1360 2163 1459 2222 τούτοιν
1474 2165 1623 2235 ἀποσκευήν
1636 2189 1666 2225 τε

887 2243 932 2303 καὶ
947 2246 1102 2323 θεραπείαν·
1116 2247 1148 2327 (e)
1166 2248 1244 2316 αὐτὸς
1256 2248 1284 2308 δδ
1301 2249 1367 2330 ἀρας
1387 2251 1484 2308 ίκεῖθεν
1503 2249 1546 2319 ξύν
1561 2256 1596 2331 τῇ
1612 2255 1665 2331 ἰδίᾳ

887 2335 955 2412 αύλῇ
972 2333 1028 2413 (τήν
1042 2334 1093 2416 γθιρ
1116 2337 1242 2415 στρατιθιν
1264 2339 1377 2419 διαφῆκε
1397 2341 1496 2416 πᾶσαν]
1518 2339 1665 2421 Ιίπορεύετο,

886 2419 932 2479 καί
945 2427 1090 2504 ἀφικνεῖται
1103 2427 1128 2492 ἐς
1136 2425 1184 2496 τήν
1197 2424 1516 2506 Ἀδριανοῶ,φθινσπώρου
1526 2432 1665 2505 μεσοῦντος

886 2506 954 2579 ἤδη,
969 2511 1045 2568 κάκεῖ
1058 2511 1202 2591 περιμένει.
1218 2513 1284 2573 Μετ’
1294 2514 1324 2570 οὗ
1336 2512 1435 2579 πσλλδις
1450 2514 1478 2579 δδ
1492 2513 1596 2592 ἡμέρας
1611 2539 1665 2573 πα-

887 2595 1020 2674 ραγίνεται
1041 2600 1087 2658 καὶ
1109 2604 1123 2659 θ
1142 2598 1272 2671 δεσπότης
1294 2600 1458 2679 Δημήτριος.
1484 2602 1615 2669 Βασιλεὺς
1635 2602 1664 2662 θλ

887 2680 1018 2762 προύργου
1030 2708 1070 2743 τοι
1082 2685 1236 2763 ποιούμενος
1248 2686 1297 2757 τῇν
1313 2687 1404 2748 τούτου
1419 2689 1560 2766 θεραπείαν
1574 2712 1603 2747 τε
1617 2689 1663 2747 καί

884 2769 1037 2851 διόρθωσιν,
1065 2772 1138 2840 soni<
1170 2776 1360 2851 μετακαλεῖται
1388 2777 1589 2857 Μαχουμούτια
1616 2778 1662 2837 καὶ

888 2857 1025 2934 Ἰσάακον,
1039 2861 1084 2919 καὶ
1104 2868 1178 2941 κοινῇ
1198 2862 1448 2943 ξυνδιασκεψάμινος
1461 2866 1551 2924 δίδοισι
1568 2888 1664 2944 σατρα·

884 2945 960 3005 πείαν
973 2951 1012 3026 τῷ
1027 2949 1140 3028 δεσπότῃ
1156 2952 1181 3017 l<
1193 2973 1222 3008 τε
1237 2950 1323 3030 ἀρχὴν
1336 2950 1393 3026 ἅμα
1414 2951 1460 3010 καθ
1472 2952 1600 3031 πρόσοδον
1613 2956 1659 3020 τάς

884 3058 911 3093 τε
928 3038 954 3093 ἐν
971 3038 1075 3117 Αἰγαίῳ
1088 3039 1181 3109 νήσους
1193 3037 1303 3119 Ἴμόρον
1319 3038 1364 3099 καὶ
1376 3043 1484 3117 Λῆμνον
1498 3040 1545 3100 καλ
1559 3040 1593 3099 τδι
1608 3064 1659 3099 κα-

883 3123 1052 3202 ταλειφθέντα
1073 3125 1166 3185 Θάσου
1192 3126 1238 3184 καὶ
1260 3126 1436 3208 Σαμοθρᾴκης
1459 3129 1659 3208 (προαπῳκίτθη

883 3210 933 3290 γάρ
940 3212 970 3271 τὸ
981 3211 1059 3271 πλέον
1069 3212 1166 3271 τούτων
1177 3215 1202 3282 ἔς
1212 3212 1241 3271 εδ
1253 3213 1419 3294 Βυζάντιον]
1431 3205 1464 3287 ήν
1474 3215 1501 3274 δθ
1509 3220 1561 3274 τῶν
1574 3214 1661 3286 νήσων

882 3296 979 3357 τούτων
994 3298 1121 3377 ξύμπαςύ
1135 3300 1236 3372 ἐτήσιος
1253 3301 1328 3381 φόρος
1342 3302 1466 3384 ἀργυρίου
1484 3302 1570 3383 κίρμα
1590 3328 1659 3365 νενο·

884 3386 1009 3463 μισμίνον
1027 3388 1163 3465 βασιλικὸν
1182 3388 1305 3468 μυριάδες
1322 3390 1473 3470 τριάκοντα.
1493 3394 1527 3470 (ι)
1546 3390 1661 3467 Ὁμοίως

885 3473 974 3531 δίδοισι
989 3474 1035 3532 καὶ
1061 3474 1109 3546 τὴν
1130 3467 1211 3535 Αἶνον
1232 3479 1322 3555 αὐτῷ,
1335 3476 1411 3537 πόλιν
1432 3478 1509 3556 λόγου
1526 3477 1600 3546 ἀξίαν
1616 3483 1662 3539 καὶ

883 3563 992 3630 πολλοῖς
1012 3562 1202 3640 εύθηνουμίνην
1216 3567 1327 3644 καλοῖς,
1340 3568 1368 3624 ἐν
1381 3571 1414 3645 τῇ
1435 3565 1555 3646 παραλίᾳ
1570 3590 1599 3624 τε
1615 3572 1662 3637 τῆς

882 3648 993 3729 θράκης
1012 3651 1136 3726 κειμίνην
1159 3656 1238 3711 αὐτοῦ
1260 3675 1311 3710 που
1335 3651 1397 3733 περλ
1417 3654 1463 3720 ei<
1486 3652 1596 3720 ἐκδσλθις
1614 3660 1660 3713 τοῦ

882 3735 970 3818 Εύρου
984 3744 1118 3817 ποταμοῦ,
1134 3738 1180 3798 καὶ
1200 3739 1286 3798 κοινόν
1300 3739 1423 3817 ἐμπόριον
1442 3730 1522 3800 ούσαν
1545 3745 1592 3811 τῇς
1610 3763 1660 3799 τε·

884 3825 1003 3904 ριοικίδος
1018 3827 1125 3898 ἁπάσης
1136 3850 1165 3886 τε
1179 3827 1225 3885 καί
1239 3827 1425 3907 πλησιοχώρου
1446 3828 1489 3887 διά
1502 3852 1530 3887 τε
1543 3828 1602 3895 τοὺς
1614 3830 1659 3887 λι-

884 3913 965 3991 μίνας
980 3915 1027 3974 καλ
1040 3915 1088 3988 τὴν
1104 3915 1187 3989 ἀλλην
1202 3918 1283 3988 αὐτῇς
1297 3916 1516 3989 ἐπιτηδειότητα,
1531 3913 1599 3996 ᾗπερ
1614 3918 1660 3976 καὶ

882 4002 993 4081 πρόσθεν
1006 4001 1116 4082 ἔφαμεν.
1130 4005 1168 4083 (ε)
1179 4004 1278 4065 Δίδοισι
1294 4003 1321 4063 δὲ
1338 4004 1381 4074 ξύν
1395 4029 1423 4064 τε
1442 4010 1475 4084 τῇ
1491 4004 1563 4075 τάξει
1584 4006 1659 4085 πάση

882 4094 928 4153 καί
948 4098 1005 4160 ταῖς
1025 4093 1160 4174 προσόδοις
1181 4094 1211 4163 ἀς
1231 4095 1374 4173 ἀπεφέρετο
1396 4097 1410 4153 δ
1432 4094 1528 4162 ταύτης
1547 4094 1660 4175 πρόσθεν

883 4180 1006 4260 ἐπάρχων
1028 4180 1194 4255 Παλαμήδης
1215 4185 1229 4239 θ
1247 4180 1435 4249 Γατελιούζεοι.
1450 4171 1541 4242 Ἦσαν
1563 4180 1590 4240 δὲ
1615 4183 1660 4239 καὶ

883 4260 962 4327 αθται
974 4274 1020 4327 τοῦ
1035 4270 1114 4327 αὐτοῦ
1131 4271 1268 4347 βασιλικοῦ
1278 4268 1407 4347 κέρματος
1420 4268 1507 4350 ἕτεραι
1519 4270 1659 4349 τριάκοντα

70 4427 185 4485 dimiono
204 4438 296 4489 nunno
315 4441 499 4502 oppugnaverat
520 4437 615 4496 (Chele.
629 4451 654 4501 p.
668 4440 724 4495 471,
739 4439 774 4501 5).
789 4438 878 4486 Postea
894 4450 952 4486 eum
971 4436 1019 4486 Ιιου
1035 4436 1124 4500 oppido
1141 4436 1247 4499 potitum
1265 4449 1320 4485 ense
1342 4435 1369 4484 in
1388 4449 1468 4498 eoque
1484 4435 1579 4485 exitum
1599 4434 1659 4485 belli

70 4506 205 4563 “winone
216 4521 289 4557 nemo
300 4507 391 4567 tradit,
403 4506 449 4557 sed
459 4506 594 4557 Aborinum
606 4505 658 4557 eive
670 4508 758 4570 Pylum
769 4507 888 4557 Thomnm
898 4506 987 4557 obiisse
995 4511 1078 4557 namt
1090 4508 1203 4559 Chaleoc.
1215 4521 1241 4571 ρ.
1254 4510 1309 4565 478,
1321 4513 1344 4566 2,
1356 4505 1410 4556 coll.
1428 4505 1548 4555 Phrenize
1564 4516 1588 4567 p.
1601 4507 1657 4563 407,

73 4572 95 4617 λθ
108 4590 113 4620 ²
125 4576 208 4636 θοιμᾰς
225 4579 288 4641 ἀφείς
299 4581 342 4637 τὴν
353 4578 496 4642 Καλαμάταν
507 4581 548 4628 καλ
559 4577 661 4642 περάσας
672 4580 704 4634 είς
717 4579 747 4627 τὰ
760 4579 812 4642 περὶ
827 4579 869 4637 τὴν
886 4578 1025 4641 Κόσμαιναν
1038 4581 1078 4627 καὶ
1098 4581 1126 4629 τθ
1142 4578 1251 4627 noiomi
1266 4578 1357 4633 εἰσῆλθε
1377 4577 1409 4631 εἰς
1420 4575 1460 4624 τὸν
1473 4575 1601 4638 Ἀἀερῖνον
1614 4574 1658 4623 κά-

71 4642 131 4691 ῑῑῖθῑ1
143 4646 174 4702 ῑῖε
183 4650 210 4697 τό
220 4651 335 4713 Μαράθου.
349 4650 404 4713 ]]-
416 4650 431 4713 §
444 4655 468 4699 2.
480 4652 519 4699 καὶ
532 4647 701 4713 κατεχομένην]
720 4649 868 4713 ἱηίαιβίῐιιιαε
881 4647 1005 4699 additum.
1023 4648 1034 4710 Ι]
1054 4675 1087 4684 -
1100 4650 1122 4704 ἐς
1134 4645 1262 4713 Κέρκυραν]
1277 4647 1391 4696 Ρίιεειιθε.
1405 4657 1429 4707 p.
1444 4648 1499 4707 408,
1516 4648 1543 4693 io
1556 4660 1564 4693 ι
1578 4649 1607 4707 τῇ
1619 4654 1657 4702 ιη’

71 4713 106 4757 ῐθῦ
117 4710 209 4765 Ἰουλίου
220 4721 292 4780 μηνός
305 4720 418 4774 ἀπεσώθη
430 4720 462 4774 εἰς
475 4721 602 4781 Κέρκυραν.
615 4718 626 4780 Ι]
642 4743 675 4752 -
687 4715 701 4779 §
713 4721 737 4766 3.
751 4719 812 4775 πλήν
827 4734 854 4779 γε
868 4717 896 4775 δὴ
911 4722 952 4776 τῆς
963 4717 1099 4782 Ῥωμαίων]
1114 4718 1171 4768 and.
1184 4730 1277 4780 margo.

96 4779 358 4852 11111.ςο,·,ιμάρη.]
373 4786 489 4852 ’Λμάρρην
501 4787 588 4837 codex.
601 4789 633 4836 nt
645 4790 720 4837 omer
731 4786 816 4837 stetim
832 4786 902 4836 initio
920 4786 1082 4849 expeditionis
1093 4803 1108 4838 ε
1121 4787 1282 4853 Peloponnesi
1295 4786 1444 4850 profectura
1464 4786 1575 4836 remotus
1593 4785 1657 4837 erni.

19 4834 21 4959 β
78 4846 155 4902 θθὶιυε
166 4868 207 4906 ιιι
216 4861 360 4921 peniculum
373 4858 472 4922 reliquit
484 4862 614 4922 annnum.
625 4860 656 4906 V.
670 4856 754 4908 chalo.
765 4872 790 4922 ρ.
800 4861 856 4919 484,
872 4861 909 4907 11.
926 4856 937 4919 Ι]
949 4885 982 4894 -
992 4859 1054 4922 ἔχων
1074 4860 1125 4923 μεθ’
1135 4860 1221 4909 ἑαυτοῦ
1235 4860 1368 4919 Δημήτριον
1393 4858 1432 4915 ξὺν
1449 4858 1540 4938 γυνριικὶ
1558 4873 1581 4905 κ.
1597 4854 1657 4919 θυγ]

19 4964 21 4985 ,
74 4915 165 4983 θυσίαι]
175 4930 245 4976 antea
258 4929 282 4977 in
296 4927 419 4977 Boeotiam
432 4928 548 4988 miserat,
563 4941 613 4978 seo.
627 4927 741 4978 Gholeoe.
755 4941 784 4991 p.
800 4931 855 4988 476,
870 4931 908 4978 18.
926 4927 964 4976 Cf.
981 4927 1094 4979 Phroniz.
1107 4942 1131 4992 ρ.
1145 4932 1200 4978 405.
1216 4927 1226 4990 ΙΙ
1241 4953 1272 4964 -
1284 4925 1299 4989 §
1312 4931 1335 4976 3.
1346 4925 1465 4989 παραδοὺς
1485 4940 1585 4988 αρχουσι
1598 4923 1658 4986 ote]

75 4986 240 5055 chalonnia,
254 5001 281 5046 14
296 5015 303 5045 ε
318 5000 473 5061 Κομιζόμενος
491 4998 528 5047 ἐπ’
538 4999 606 5047 ολκσυ
619 4998 659 5046 καὶ
672 4998 771 5057 πέμπων
786 4998 889 5061 κήρυκας
909 4998 1001 5046 ίκόλευι
1017 5002 1058 5048 τόν
1071 4998 1176 5061 ήγεμόνα
1188 4997 1320 5061 Δημήτριον
1336 4997 1436 5057 θπάγειν
1451 4996 1550 5058 πρόσθεν
1570 4994 1613 5044 σιίν
1627 5002 1657 5058 τι)

19 5144 21 5209 ζ
76 5126 101 5209 ῑῖξ
110 5130 226 5194 Momm
238 5139 311 5187 αὐτοῦ
322 5153 348 5186 τι
360 5140 400 5186 καὶ
412 5144 459 5187 τῶν
473 5139 545 5187 αὐτοῦ
557 5140 599 5196 τήν
611 5135 714 5197 μεγάλην
727 5139 814 5199 Αἶνον,
832 5139 873 5196 τήν
885 5140 996 5199 Λήμνου,
1008 5140 1050 5197 τήν
1064 5138 1158 5202 Ἱμόρον
1173 5138 1214 5186 κτλ
1227 5135 1448 5220 τὴν-Σαμοθρᾴκην.
1461 5131 1548 5218 phale.
1563 5147 1588 5197 p.
1600 5137 1656 5189 488,

77 5196 98 5242 ¹⁴
110 5206 157 5261 ²¹¹?
168 5205 260 5267 θῖνμθνι
273 5208 397 5270 ίπίτριψεν
409 5209 478 5257 Αἶνον
489 5210 557 5258 πόλιν
569 5208 610 5257 καὶ
619 5206 735 5270 πρόσοδον
747 5209 795 5258 ἀπὸ
807 5214 848 5268 τῆς
861 5209 935 5257 αὐτοῦ
947 5207 1021 5269 ταύτῃ
1033 5209 1114 5267 άλικῆς
1122 5243 1130 5268 ,
1139 5208 1180 5256 καθ
1189 5205 1237 5254 ἀπὸ
1247 5223 1295 5254 τοιν
1308 5207 1382 5267 θυρων
1395 5205 1418 5260 θς
1430 5206 1543 5261 ἐξήκοντα
1553 5205 1593 5264 (70
1604 5214 1655 5251 σου.

19 5010 21 5141 β
75 5063 167 5124 Μελ,
179 5068 217 5115 καί
231 5069 301 5125 αὐτὸς
315 5069 391 5132 σχολῇ
404 5069 535 5131 ἐπορεύετο.
548 5070 559 5132 Ι]
571 5067 629 5131 -§
642 5071 665 5117 4.
679 5067 762 5118 δίδωσι
775 5066 930 5130 σατραπείαν]
950 5068 1082 5119 Phronius
1096 5083 1120 5133 p.
1133 5072 1188 5128 418,
1207 5072 1236 5116 23
1250 5085 1257 5114 ι
1270 5067 1290 5129 ᾧ
1304 5064 1453 5129 (Δημητρίῳ)
1472 5064 1573 5114 nonin
1595 5065 1657 5129 ἔχειν

19 5220 21 5265 i

19 5282 21 5311 Ι

19 5334 21 5355 γ
77 5263 165 5333 (M)
175 5278 280 5338 θωθῑᾶὅῑί
294 5278 411 5342 ἀργυρίου.
425 5279 435 5342 Ι]
453 5306 484 5316 -
493 5280 532 5328 καὶ
544 5275 670 5344 πρόσοδον]
682 5277 717 5328 εἰσ
726 5290 820 5342 mergol
832 5278 873 5329 καὶ
892 5279 1024 5328 ἀνάπαυσιν
1035 5280 1097 5329 ient.
1110 5276 1163 5342 β-
1172 5283 1195 5328 5.
1208 5273 1387 5340 εὐθηνουμίνην]
1398 5275 1476 5326 εύθυν.
1487 5271 1575 5324 ασθαι.
1589 5271 1657 5323 Dein
