3890 6044
594 478 645 538 DE
666 475 906 540 FRAGMENTO
928 475 1172 536 aristenetus
1630 494 1690 540 m

83 612 303 695 lpiphaniensis
317 611 397 692 (Fr.
415 611 481 671 hist.
499 621 535 683 i,
555 631 587 688 Ρ.
610 608 706 686 138),
718 609 805 687 eujus
822 609 949 686 vestigia
966 607 1065 667 seculo
1086 606 1211 686 septimo
1231 607 1304 682 legit
1321 604 1452 667 loannes
1476 607 1684 670 Antiochensis.

8 702 10 711 ἱ
86 712 272 773 manuam
293 709 511 788 compendium
530 727 549 765 a
570 708 713 783 nragistro
732 706 859 784 quodam
883 707 1020 767 in'usunr
1041 704 1209 764 scholarum
1226 703 1336 762 editum
1351 704 1384 762 in
1406 702 1584 764 Aristodemi
1599 724 1687 784 opere

8 824 10 877 ι
88 809 202 887 agnoseit
215 807 314 865 etiam
330 804 484 864 Arnoldus
496 802 622 862 Schaeser
632 804 664 863 in
676 806 756 860 Neue
770 800 1013 875 lahrbr'icderfrtr.
1024 804 1200 877 Philologr'e,
1218 802 1312 873 1868,
1326 821 1359 878 p.
1375 801 1432 878 81,
1447 800 1569 880 ejusque
1583 816 1686 862 aucto-

8 888 10 911 ’
90 926 139 965 ren
151 904 258 981 quinto
280 903 349 961 l'ere
364 901 465 961 seerrlo
479 900 632 978 scripsisse
644 898 742 958 videri
754 920 793 958 ex
806 900 947 959 interiore
963 898 1117 975 fragmenti
1133 898 1300 977 superstitis
1317 897 1430 957 ratione
1443 898 1562 975 collegit
1574 898 1688 958 Briche·

91 1004 127 1062 ler
137 1002 159 1060 l.
171 1002 192 1060 l.
204 1021 237 1079 p.
255 1002 310 1076 ⁹3·
498 1056 504 1065 .

128 1100 220 1158 llestat
233 1111 268 1156 ut
281 1097 323 1155 de
337 1097 407 1176 ipso
421 1095 572 1155 rideamus
587 1094 758 1170 fragmento.
773 1095 817 1153 Ile
830 1094 942 1153 ambitu
955 1108 984 1153 et
996 1093 1146 1154 divisione
1160 1091 1260 1168 operis
1277 1091 1384 1167 integri
1399 1090 1474 1151 nihil
1491 1091 1563 1151 inde
1575 1092 1687 1171 liquet,

10 1238 18 1303 ἶ
99 1196 153 1255 nisi
169 1214 253 1252 onum
270 1192 426 1252 librorum
449 1200 547 1251 orsum
562 1209 626 1250 esse
641 1210 660 1248 a
672 1189 761 1251 rehus
784 1204 850 1270 post
874 1189 952 1249 hella
974 1190 1088 1249 Medica
1107 1190 1207 1265 gestis.
1232 1186 1419 1247 Narratorum
1445 1208 1514 1268 pars
1536 1190 1631 1268 major
1653 1210 1690 1249 ex

11 1308 17 1325 '
100 1306 205 1352 sudore
224 1291 365 1370 Philippi
383 1291 516 1366 Amynta
535 1290 555 1350 s.
581 1309 681 1348 coevo
704 1286 865 1347 derivanda
886 1286 1014 1359 ridetur,
1041 1285 1183 1345 nonnulla
1205 1306 1223 1346 e
1242 1285 1417 1364 Thucydide
1437 1300 1582 1358 assumta,
1597 1302 1692 1366 panea
1712 1366 1715 1371 Ι

11 1364 22 1455 i
102 1389 219 1466 quedam
237 1387 309 1446 aliis
321 1405 362 1445 ex
376 1384 507 1445 sontibus
527 1386 671 1444 immixta.
689 1384 777 1443 Ratio
791 1397 886 1443 autem
901 1403 960 1461 qua
972 1383 1092 1444 diversa
1106 1382 1169 1440 hac
1182 1382 1434 1459 conglutinantur,
1450 1383 1603 1443 interdum
1616 1398 1690 1463 per·
1724 1412 1726 1415 ·

100 1486 187 1562 inepta
200 1496 245 1542 est
257 1495 289 1542 et
304 1482 528 1562 compilatorem
543 1483 641 1558 arguit
656 1483 708 1559 qui
721 1483 863 1559 quadrata
872 1480 973 1558 junxit
987 1480 1134 1539 rotundis.
1149 1479 1198 1538 Sic
1211 1499 1277 1557 quae
1292 1479 1329 1538 de
1344 1480 1495 1552 terminis,
1507 1497 1584 1557 quas
1594 1493 1680 1540 trans

99 1581 174 1656 gredi
185 1580 286 1640 Persis
302 1599 364 1639 non
377 1580 500 1657 liceret,
512 1578 591 1658 apud
607 1580 707 1637 varios
726 1579 886 1654 scriptores
900 1578 981 1635 varia
1000 1576 1181 1653 legebantur,
1197 1577 1229 1634 in
1243 1596 1333 1635 unum
1353 1576 1508 1654 conjunxit
1528 1576 1574 1653 (e.
1598 1579 1645 1651 13,
1671 1598 1688 1635 a

99 1697 126 1755 p.
143 1678 205 1754 ιθ),
217 1677 357 1754 quamvis
368 1695 403 1735 ea
412 1676 539 1734 invicem
552 1695 584 1735 se
597 1674 795 1734 excluderent.
809 1673 910 1732 Eidem
925 1692 1021 1732 rernm
1033 1672 1293 1750 geographico-um
1302 1672 1475 1748 ignorantia
1489 1671 1689 1751 attribuimus,

100 1772 171 1851 quod
189 1772 226 1833 de
238 1772 386 1832 Parnethe
400 1786 498 1831 monte
519 1770 628 1830 Xerxes
641 1791 768 1851 pugnam
781 1770 969 1829 Salaminiam
984 1782 1128 1848 spectasse
1148 1769 1256 1828 dicitur
1271 1770 1316 1849 [e.
1334 1789 1362 1841 1,
1380 1766 1426 1845 a).
1443 1768 1522 1827 ldem
1537 1769 1689 1828 Aristode·

101 1888 159 1926 nus
177 1870 211 1945 (c.
229 1870 256 1937 6,
277 1868 311 1948 A)
324 1867 362 1927 de
376 1868 500 1928 Athenis
516 1881 583 1948 post
597 1869 737 1949 proelium
758 1868 918 1927 Plataeense
930 1865 1138 1925 Themistoclis
1156 1864 1282 1924 consilio
1304 1865 1425 1925 munitis
1444 1866 1485 1924 ita
1499 1866 1642 1943 loquitur,
1657 1880 1691 1925 ut

102 1976 155 2022 tum
169 1965 309 2043 temporis
323 1985 384 2024 non
398 1965 486 2024 modo
499 1985 616 2025 murum
630 1966 795 2036 urbanum,
810 1965 861 2024 sed
874 1965 978 2040 longos
991 1981 1110 2042 quoque
1131 1981 1231 2020 muros
1246 1974 1275 2020 et
1287 1960 1471 2020 Phalericum
1487 1974 1612 2021 structos
1626 1981 1690 2022 esse

22 2072 26 2083 ·
103 2060 265 2120 masendum
279 2061 363 2120 soret.
378 2062 487 2141 Aperte
499 2075 591 2121 totum
604 2061 661 2122 hoc
674 2081 791 2139 segmen
803 2062 884 2138 quod
897 2073 942 2121 est
953 2060 991 2120 de
1005 2059 1181 2120 Athenarum
1194 2058 1526 2130 munimentis,aliunde
1540 2072 1687 2135 arreptum

104 2158 266 2235 interposuit
283 2177 339 2216 nee
354 2162 445 2217 sensit
464 2160 507 2217 rei
522 2159 674 2237 ineptiam.
691 2160 834 2221 Praeterea
848 2162 881 2219 in
896 2180 995 2219 rerum
1010 2158 1124 2218 delectu
1141 2171 1170 2216 et
1184 2157 1264 2235 justa
1278 2158 1455 2217 narrationis
1478 2157 1690 2236 ponderatione

105 2251 175 2315 hand
186 2266 262 2311 recto
273 2253 391 2330 judicio
403 2273 476 2313 usus
489 2267 549 2325 est,
564 2274 602 2313 ex
616 2256 763 2333 sequioris
777 2260 833 2316 aevi
850 2258 969 2324 ingenio
983 2257 1207 2316 narratiunculis
1222 2275 1308 2333 quam
1319 2254 1431 2332 jejuna
1444 2254 1575 2314 historie
1589 2258 1689 2331 gravi·

105 2349 150 2406 tati
163 2348 314 2410 addietier.
330 2348 387 2408 iles
406 2364 473 2429 post
494 2353 636 2430 proelium
654 2352 814 2413 Plataeense
828 2355 974 2434 usquead
993 2354 1105 2413 sentina
1119 2352 1191 2411 belli
1204 2351 1445 2430 Peloponnesiaci
1463 2365 1551 2427 gestae
1566 2353 1613 2430 (c.
1639 2373 1690 2410 ιι-
1783 2338 1784 2341 ¹

106 2446 155 2523 ιδ)
169 2459 326 2506 narrantur
338 2446 476 2506 versibus
490 2457 548 2516 ato
568 2449 615 2511 ed.
641 2464 749 2525 nostr.;
765 2470 927 2529 eorumque
947 2470 1015 2530 pars
1029 2451 1117 2510 tertia
1130 2463 1159 2507 et
1171 2448 1298 2528 amplius
1312 2450 1356 2525 (e.
1372 2449 1444 2506 8-10
1454 2447 1464 2528 l
1475 2447 1638 2507 historialis
1651 2448 1689 2507 de
1807 2440 1809 2443 ⁸

103 2539 233 2602 Pausania
245 2556 275 2602 et
289 2542 488 2602 Themistocle
510 2546 683 2618 absumitur,
697 2547 769 2605 adeo
782 2559 815 2605 ut
831 2547 946 2624 reliqua
959 2550 1006 2617 τῆς
1023 2546 1259 2611 renascereris<
1273 2545 1395 2606 historia
1407 2544 1543 2604 versibus
1570 2544 1625 2604 150
1638 2544 1690 2604 ah·

101 2639 220 2698 solvatur
234 2660 267 2699 ac
282 2659 331 2700 res
344 2640 521 2716 gravissima
535 2653 585 2700 aut
600 2641 694 2701 tribus
708 2643 808 2703 verbis
824 2643 993 2703 indicentur
1008 2656 1058 2703 aut
1073 2663 1110 2703 ne
1127 2654 1392 2703 commemorentur
1403 2641 1533 2720 quidem.
1553 2641 1600 2699 Sic
1625 2661 1691 2718 quae

101 2737 130 2794 in
143 2736 264 2796 Thracia
277 2737 470 2797 Athenienses
479 2741 622 2814 gesserint
631 2753 659 2797 et
671 2739 697 2796 T
699 2740 762 2799 hasi
778 2740 896 2799 obsidio
907 2740 1047 2799 diuturna
1061 2753 1090 2799 et
1101 2740 1212 2800 bellum
1224 2742 1432 2799 Messeniorum
1446 2738 1505 2797 alto
1516 2749 1691 2817 premuntur

101 2832 222 2895 silentio.
237 2834 310 2904 Qua
325 2834 502 2893 omissiones
512 2837 648 2894 excusari
661 2850 826 2913 nequeunt,
840 2838 898 2896 nisi
913 2851 1022 2897 statuas
1036 2839 1232 2897 narrationem
1247 2835 1425 2896 Aristodemi
1445 2854 1505 2893 non
1522 2834 1610 2893 modo
1621 2836 1692 2894 scri·

104 2926 201 2987 haruin
212 2931 389 3007 negligentia
403 2930 516 2989 lacunis
535 2932 687 2990 nonnullis
700 2932 824 2991 laceram
840 2934 888 3009 (ut
900 2954 924 2990 e.
943 2934 972 3006 3,
984 2955 1014 2992 a.
1029 2943 1077 3007 rt,
1094 2936 1135 3010 a),
1153 2934 1202 2993 sed
1217 2934 1303 2993 etiam
1321 2934 1356 2991 de
1372 2930 1517 2990 industria
1529 2929 1691 2990 breviatam

102 3042 177 3096 esse,
187 3027 426 3105 quemadmodum
441 3026 590 3087 breviatos
601 3027 742 3087 hahemus
756 3028 879 3087 Dionem
893 3042 922 3087 et
935 3029 1079 3091 Malelam.
1097 3033 1137 3089 Ac
1151 3049 1221 3090 sane
1237 3031 1300 3088 lieri
1316 3028 1414 3108 potuit
1427 3040 1459 3087 ut
1469 3046 1534 3104 quae
1549 3027 1586 3085 ad
1598 3026 1692 3087 Thasi

100 3136 129 3179 et
148 3121 295 3183 Methones
314 3122 488 3182 obsidiones
501 3124 704 3200 pertinerent,
727 3123 763 3183 de
779 3126 904 3184 consilio
924 3125 1138 3202 omitterentur,
1153 3138 1254 3205 utpote
1274 3123 1435 3202 dequibus
1455 3124 1487 3182 in
1501 3121 1691 3182 obsidionum

98 3232 272 3297 syntagmate
285 3239 323 3278 ex
338 3219 523 3283 Aristodemo
532 3234 582 3279 aut
593 3220 653 3279 alio
668 3222 813 3300 scriptore
827 3238 924 3281 sermo
938 3222 1146 3282 institueretur.
1164 3222 1299 3282 Ceterum
1316 3222 1386 3279 nori
1399 3219 1473 3278 nihil
1485 3219 1516 3278 in
1531 3218 1692 3295 fragmento

99 3329 195 3383 nestro
207 3317 330 3376 ailertrn
344 3330 452 3395 prater
464 3336 570 3374 nomen
584 3319 679 3394 patris
692 3318 836 3379 Cleonicae
848 3319 857 3401 [
865 3341 890 3380 e.
903 3321 933 3391 8,
954 3319 980 3398 ι)
995 3331 1025 3378 et
1040 3332 1234 3378 commentum
1245 3318 1282 3376 de
1294 3317 1376 3376 diseo
1390 3316 1438 3375 eui
1450 3316 1571 3376 nemina
1585 3316 1692 3376 civita·

97 3424 155 3469 turn
167 3412 240 3471 belli
255 3424 359 3471 eontra
375 3417 478 3472 Persas
486 3406 563 3489 gesti
578 3415 755 3493 participum
769 3417 912 3494 inscripta
926 3434 990 3475 esse
1000 3413 1193 3493 perhibentur
1207 3414 1254 3491 (e.
1269 3412 1319 3493 9).
1334 3413 1407 3483 Quae
1416 3426 1558 3491 praeterea
1570 3415 1693 3493 propria

96 3507 285 3585 fragmentum
299 3507 387 3568 hahet
404 3507 451 3566 rel
465 3507 573 3567 habere
585 3510 681 3570 videri
696 3512 805 3589 possit,
827 3513 926 3570 omnia
946 3512 977 3571 in
992 3510 1141 3571 erroribus
1156 3524 1321 3570 versantur.
1345 3508 1502 3582 Nonnulla,
1518 3530 1583 3588 quae
1604 3511 1692 3571 modo

96 3605 192 3680 tetigi,
212 3607 328 3685 stupori
353 3605 555 3684 compilatoris
579 3607 730 3679 debentur,
754 3608 883 3686 plurima
907 3629 979 3669 vero
999 3610 1043 3667 sic
1062 3608 1124 3686 jam
1150 3607 1257 3667 tradita
1276 3607 1424 3685 accepisse
1440 3605 1545 3666 Noster
1560 3607 1689 3672 ridetur.

8 3716 10 3797 p
97 3699 246 3779 Ejusmodi
260 3717 330 3764 sunt
344 3724 410 3781 quar
424 3703 462 3761 de
478 3716 568 3781 ponte
584 3702 722 3779 leguntur
736 3706 780 3780 (c.
799 3726 826 3776 1,
843 3704 880 3781 a)
896 3725 955 3782 quo
977 3703 1153 3764 Salaminem
1169 3704 1331 3763 continenti
1342 3702 1468 3781 jungere
1480 3717 1549 3760 ante
1562 3722 1690 3780 pugnam

8 3804 10 3843 ¹
95 3818 145 3858 rex
158 3801 317 3861 Persarum
331 3802 483 3874 voluisset,
497 3801 607 3860 similia
621 3803 700 3860 enim
712 3801 774 3879 jam
791 3801 900 3861 Ctesias
920 3802 1090 3862 tradiderat.
1107 3802 1193 3872 Quod
1212 3801 1249 3860 de
1263 3800 1400 3858 Telmide
1413 3818 1466 3878 per
1480 3798 1694 3860 mediterranea

96 3897 287 3977 Peloponnesi
300 3899 463 3956 exercitum
478 3900 601 3957 ducente
618 3897 820 3958 Aristodemus
836 3898 996 3958 hariolatur
1009 3899 1054 3979 (e.
1073 3896 1125 3976 15)
1137 3941 1144 3972 ,
1157 3896 1218 3974 jam
1231 3896 1342 3973 jecerat
1354 3894 1505 3954 AEsehines
1520 3894 1582 3972 (De
1597 3895 1617 3953 s.
1633 3896 1690 3974 leg.

95 3993 161 4068 §75
172 3995 194 4073 ).
214 3996 260 4054 De
275 3994 389 4054 ambitu
406 3996 485 4053 muri
504 3993 611 4055 urbani
625 3995 803 4054 Athenarum
819 3995 866 4071 (c.
883 3996 918 4068 5,
936 3996 973 4073 i.)
995 3973 1096 4054 eodem
1116 3979 1205 4053 mode
1224 3993 1284 4071 jam
1300 4003 1440 4053 statuerat
1453 4004 1554 4052 auctor
1569 3992 1692 4054 Diodori

101 4089 144 4166 13,
159 4112 197 4163 7²
208 4092 261 4170 Γ).
274 4090 409 4151 Cimonis
423 4090 541 4168 quidem
554 4103 657 4151 eontra
665 4091 890 4151 Themistoclem
903 4092 1118 4170 expeditionem
1134 4092 1169 4168 (c,
1189 4092 1234 4168 ιι)
1250 4111 1287 4149 ex
1302 4089 1468 4167 antiquiore
1481 4089 1624 4169 scriptore
1634 4111 1693 4152 uon

99 4187 247 4258 norimus,
261 4187 341 4246 haud
352 4200 447 4246 tamen
463 4200 617 4267 propterea
630 4201 823 4248 commentum
838 4189 916 4248 istud
928 4188 965 4247 ab
980 4192 1044 4267 ipso
1058 4186 1240 4247 Aristodemo
1254 4187 1413 4266 proiectum
1429 4205 1492 4247 esse
1506 4205 1620 4248 censeo.
1635 4189 1694 4247 An-

98 4300 154 4341 sam
169 4285 311 4361 figmento
326 4284 407 4343 dedit
421 4304 506 4343 error
520 4285 766 4361 chronologicus,
780 4306 840 4364 quo
849 4285 981 4345 Cimonis
994 4284 1144 4365 expeditio
1158 4298 1188 4343 et
1201 4303 1279 4342 mors
1289 4282 1492 4343 Themistoclis
1507 4284 1602 4343 eidem
1615 4305 1693 4344 anno

8 4460 10 4467 Α
98 4381 330 4458 assignabantur.
346 4379 487 4440 Gemellae
499 4400 574 4441 vero
594 4396 758 4461 temporum
773 4381 957 4441 confusiones
968 4382 999 4440 in
1016 4381 1176 4457 fragmento
1188 4380 1260 4439 adeo
1275 4393 1411 4457 regnunt,
1424 4394 1458 4440 ut
1468 4400 1505 4439 ex
1516 4381 1563 4441 his
1574 4383 1694 4460 potissi·

8 4504 10 4527 ι
100 4496 172 4537 nrum
192 4478 371 4538 Aristodemi
397 4470 527 4538 narratio
550 4498 635 4538 suum
656 4480 777 4537 traxerit
800 4479 940 4538 colorem.
960 4478 1008 4537 Sic
1023 4477 1234 4537 Themistocles
1256 4491 1429 4537 tesserarum
1452 4478 1568 4556 judicio
1583 4478 1694 4557 ejectus

8 4530 19 4605 i
99 4592 158 4633 csse
169 4576 279 4635 dieitur
292 4587 451 4653 antequam
467 4594 620 4634 commune
640 4574 810 4634 Graecorum
826 4577 961 4635 ararium
976 4595 993 4634 e
1006 4575 1078 4633 Delo
1101 4575 1227 4633 Athenas
1248 4575 1418 4634 translatum
1433 4587 1523 4647 esset;
1543 4573 1691 4635 Telmidis

100 4682 187 4731 aetem
203 4672 354 4752 expeditio
372 4671 623 4749 Peloponnesiaca
646 4686 782 4731 narratur·
802 4686 868 4752 post
882 4693 1009 4752 pugnam
1031 4670 1067 4730 ad
1081 4670 1244 4731 Coroneam
1261 4672 1465 4743 commissam,
1480 4690 1539 4749 qua
1554 4669 1695 4734 cecidisse

100 4763 253 4828 Tolnridem
268 4781 404 4840 constat3
429 4768 557 4845 denique
573 4768 676 4828 Samus
698 4766 799 4827 codem
826 4789 903 4830 anno
923 4782 1088 4849 expugnata
1108 4787 1171 4826 esse
1187 4767 1291 4839 fertur,
1306 4787 1367 4845 quo
1382 4767 1567 4826 solverentur
1581 4766 1695 4828 loedera

103 4864 275 4927 tricennalia.
291 4867 349 4926 llis
362 4879 391 4922 et
406 4863 554 4923 similibus
565 4865 737 4943 sphalmatis
751 4884 839 4923 verus
859 4884 958 4923 rerum
974 4866 1048 4924 ordo
1059 4880 1087 4924 et
1099 4885 1192 4925 nexus
1203 4884 1257 4944 per
1271 4878 1361 4925 totum
1379 4866 1570 4941 fragmentum
1583 4865 1692 4925 mirum

99 4976 227 5037 quantum
245 4963 418 5033 turbantur,
432 4979 485 5019 nec
498 4961 587 5020 ullum
600 4981 654 5038 ego
666 4962 735 5021 nori
751 4974 898 5019 auctorem
914 4961 966 5038 qui
980 4963 1011 5020 in
1023 4964 1124 5040 paucis
1135 4961 1258 5041 pagellis
1275 4972 1317 5020 tot
1330 4979 1446 5021 errores
1460 4964 1694 5038 coacervaverit,

120 5154 154 5217 Γ)
162 5156 332 5207 dandonem
345 5152 456 5205 Diodori
466 5152 483 5202 l.
494 5153 512 5203 l.
522 5153 553 5204 de
565 5153 647 5217 Agidis
656 5152 811 5218 expeditione
821 5152 846 5203 in
862 5152 979 5214 majorem
993 5154 1176 5204 Atheniensium
1188 5152 1290 5216 gloriam
1301 5153 1409 5204 eitletmn
1423 5165 1479 5204 esse
1493 5166 1525 5203 ex
1537 5153 1569 5204 lis
1581 5169 1637 5219 qne
1648 5169 1693 5220 ap.

93 5224 193 5291 torpa
205 5227 270 5279 licit.
288 5232 311 5289 t,
328 5231 353 5286 t,
366 5229 399 5275 9³
412 5222 536 5287 leguntur,
547 5227 627 5284 reete,
637 5226 713 5287 puto,
727 5227 810 5274 censet
823 5226 853 5273 c.
863 5227 892 5273 Α.
902 5223 1075 5286 Volqrrardson
1096 5222 1332 5286 Uetersnrhunqen
1343 5225 1410 5276 liter
1422 5222 1467 5274 dte
1476 5223 1585 5282 Qaetlen
1595 5225 1645 5277 der
1653 5236 1692 5290 pr.

93 5299 187 5350 areu.
199 5295 379 5353 ambratiam
391 5294 435 5345 hel
451 5294 556 5344 orreo.
573 5295 656 5346 Buce.
672 5297 747 5345 rt-re
762 5294 772 5358 (
780 5295 849 5345 litet.
866 5309 892 5359 p.
909 5294 994 5358 teet),
1004 5308 1028 5358 p.
1046 5299 1098 5346 130.
