3906 6034
286 458 325 516 30
897 456 1053 519 JOANNIS
1071 457 1302 520 ANTlocHENI

287 585 627 666 τθν’1ουλιανύν,ύπαρχον
641 587 667 646 δὲ
679 586 871 669 προχειρίζεται
886 591 1056 649 Σεκουνδῖνον
1108 590 1213 671 ρίζουσα
1226 592 1322 651 άλλοσε
1336 591 1402 670 άλλη
1415 590 1562 670 μετήλλαξε
1573 591 1617 651 τδν
1632 592 1698 671 βίον.
1710 594 1837 672 Λογγῖνος
1851 597 1878 654 il

287 674 333 734 τὀν
346 678 393 746 τῆς
406 676 499 733 ίαυτοῶ
513 675 624 754 ἀδελφῆς
638 676 784 755 Καισαρίας
801 676 951 755 ἀνδρα,κα“ι
969 676 1053 758 τούτῳ

285 760 400 834 ληξάσης
418 764 464 831 τῆς
484 763 536 819 τῶν
555 765 723 840 στρατιωτῶν
743 761 854 835 λύττης,
878 763 907 819 οὐ
931 764 1053 839 χαλεπῶς

285 850 377 908 καὶτὰ
393 849 539 909 πεπονθότα
555 854 605 909 τῶν
620 850 836 928 οἰκοδομημάτων
852 850 1018 911 άνεκτίσατο.

324 960 348 1000 a.
373 938 477 1019 Κρίνων
502 938 529 997 δί
555 938 660 1006 είκότως
683 943 713 999 ίκ
736 943 781 1010 τῆς
803 943 854 998 τῶν
871 938 1049 1014 ἐνδημούντων

284 1024 413 1102 Ἰσαύρων
430 1025 570 1096 έπιόουλῆς
589 1027 770 1086 διεσκευάσθαι
787 1031 888 1098 ταῦτα,
904 1030 1052 1105 ἀποχωρεῖν

284 1112 393 1181 τούτους
419 1118 466 1183 τῆς
492 1114 625 1191 βασιλίδος
649 1112 798 1188 ἐκέλευσεν,
821 1114 875 1173 οὐδ’
898 1112 1051 1191 ἀξιωμάτων

284 1201 471 1280 ἀφαιρούμενός
486 1225 543 1259 τινα
556 1203 656 1272 αὐτῶν,
666 1200 725 1260 οὐδὲ
739 1200 900 1281 χρημάτων,
912 1201 1051 1260 καὶταῦτα

282 1288 334 1361 ήδη
349 1288 518 1369 ἀγγελθείσης
531 1293 578 1360 τῆς
595 1289 664 1348 κατὰ
680 1289 753 1369 [τὴν]
767 1290 858 1368 χῶραν
876 1290 963 1348 αὐτῶν
983 1290 1052 1348 ἀπο-

283 1376 408 1442 στάσεως.
425 1375 583 1436 Μελλόντων
599 1374 626 1434 δλ
637 1375 683 1435 καλ
699 1378 725 1434 έν
743 1375 864 1455 διατριύῇ
888 1375 1053 1454 ποιουμένων

282 1464 329 1533 τήν
344 1464 527 1543 ἀναχώρησιν,
540 1465 654 1523 συνεῖδεν
669 1465 757 1530 αὐτοῖς
770 1463 886 1543 ἀνάγκην
906 1466 1051 1542 ἐπιθεῖναι,

281 1548 309 1618 ἐξ
333 1540 413 1629 οὐπερ
437 1549 620 1629 λαμπρότερον
642 1548 835 1630 ἀπεδείχθησαν
858 1550 993 1625 δυσμενεῖς
1013 1552 1052 1630 τῷ

281 1644 417 1718 κρατοῦντι
425 1634 607 1713 πολιτεύματι.
615 1635 751 1697 Ἐντεῦθεν
759 1636 925 1696 λοιπθνδτοῶ
933 1637 1051 1709 Ζήνωνος

282 1724 391 1804 aleluia
400 1727 527 1802 Λογγῖνος
533 1724 602 1783 κατὰ
612 1724 660 1796 τήν
668 1724 795 1797 Θηόαίων
806 1724 954 1804 ἀφορίζεται
961 1725 1050 1837 χώραν

281 1812 327 1871 καλ
337 1814 416 1871 αὐτοῦ
428 1812 566 1892 άπεφθάρη
580 1814 651 1891 λιμῷ
667 1811 733 1888 μετά
744 1811 852 1892 χρόνους
865 1810 905 1883 η’,
917 1813 934 1883 ή
945 1836 974 1870 τε
985 1835 1050 1871 ουσα

281 1903 351 1979 αὐτῷ
365 1898 468 1977 γαμετή
483 1900 619 1979 Οὐαλερία
632 1899 747 1977 τοῦνομα
764 1899 810 1959 σύν
831 1904 864 1977 τῇ
883 1901 957 1959 παιδὶ
978 1904 1050 1977 Λογ-

281 1988 356 2069 γίνεγ,
379 1987 397 2059 ἣ
421 1987 466 2047 καλ
488 1988 645 2064 ὡμολόγητο
670 1988 773 2059 Ζήνωνι
793 1992 831 2070 τῷ
855 1988 986 2064 Ἀνθεμίου
1005 1988 1050 2048 καί

281 2070 406 2154 Ἧραίδος
429 2077 491 2155 υἱῷ,
504 2075 550 2134 καλ
570 2076 685 2147 Λαλλςή
704 2076 821 2148 Ζήνωνος
853 2074 898 2134 καλ
922 2076 1051 2154 Λογγίνου

280 2163 370 2244 μήτηρ
383 2164 414 2224 τὸ
425 2166 451 2223 ίν
465 2162 591 2244 Βρόχθοις
607 2163 675 2223 οὕτω
696 2164 946 2244 προσαγορευομένῳ
967 2187 1050 2241 προα-

282 2248 360 2329 στείῳ
378 2254 425 2321 τῆς
449 2253 566 2309 Βιθυνῶν
581 2249 726 2309 κατίλαόον
751 2249 902 2329 εὐκτήριον,
927 2253 953 2308 ἐν
979 2242 1050 2331 ᾧπερ

280 2337 326 2396 καί
343 2335 434 2408 Ζήνων
459 2338 510 2416 οὐχ
534 2336 631 2409 ήκιστα
651 2336 798 2417 διεθέριζεν.
821 2336 1050 2397 Ἐπιύιῶσασαδὶ

280 2422 374 2502 χρόνον
388 2428 417 2483 οὐ
432 2427 537 2504 μέτριον
550 2425 596 2483 καὶ
608 2424 640 2483 τὰ
655 2423 720 2504 πρὸς
736 2425 766 2484 τὸ
785 2429 831 2498 ζῆν
847 2424 872 2493 ίξ
887 2425 978 2505 ἐράνου
1000 2448 1049 2483 πο·

1107 681 1121 737 δ
1143 679 1284 758 μάγιστρος
1302 679 1347 737 καὶ
1361 678 1537 757 Ἀθηνόδωρος
1560 679 1664 760 ἀνδρεία]
1682 703 1711 738 τι
1726 684 1817 761 αὐχῶν
1833 685 1880 743 καί

1106 767 1211 846 πλούτῳ
1226 765 1272 825 οὐν
1287 767 1382 844 ἑτέροις
1397 775 1501 846 συχνοῖς
1513 769 1539 833 ἐς
1555 766 1605 840 τήν
1614 766 1743 848 Ἰσαύρων
1757 768 1879 838 ἐξέπεσον

1106 853 1208 934 χώραν.
1235 855 1268 934 (a)
1291 853 1462 935 ’Λποστέρξας
1485 854 1512 913 δὲ
1536 858 1550 912 δ
1574 854 1697 935 βασιλεὺς
1720 856 1823 926 ίσάπαξ
1843 858 1880 916 τὰ

1107 940 1247 1020 Ἰσαύρων,
1259 941 1308 1012 τήν
1321 964 1351 999 τε
1364 945 1409 1001 τού
1430 941 1632 1021 βασιλεύσαντος
1642 942 1763 1014 Ζήνωνος
1775 966 1881 1022 περιου-

1106 1028 1166 1088 σίαν
1183 1029 1365 1110 προέγραψεν,
1378 1028 1445 1087 ὥστε
1457 1031 1501 1091 καὶ
1514 1029 1580 1100 αὐτή
1592 1034 1648 1107 γεῆ
1660 1028 1791 1110 βασίλειος
1802 1030 1882 1102 ἐσθής

1105 1115 1179 1183 ὤνιος
1210 1115 1368 1196 προύκειτο,
1402 1117 1448 1175 καὶ
1474 1117 1505 1176 τὸ
1536 1119 1682 1197 Παπειρίου
1717 1118 1881 1195 καλούμενον

1106 1205 1227 1285 φρούριον
1243 1204 1350 1284 πέμψας
1359 1203 1549 1284 κατάστρεψον·
1565 1207 1667 1284 ἀναιρεῖ
1681 1203 1710 1265 δὲ
1722 1205 1768 1264 καί
1781 1207 1829 1274 τὰς
1842 1206 1883 1264 δι·

1106 1291 1215 1368 δομίνας
1229 1292 1316 1357 αὐτοῖς
1330 1290 1403 1371 παρὰ
1416 1296 1462 1351 τοῦ
1481 1290 1602 1362 Ζήνωνος
1615 1291 1730 1364 σιτήσεις
1742 1293 1882 1361 τεινούσας

1106 1381 1141 1446 είς
1155 1377 1233 1437 ν’καλ
1246 1378 1334 1459 χιλίας
1344 1379 1452 1458 χρυσίου
1467 1381 1556 1459 λίτρας
1567 1382 1687 1452 ἐτησίως.
1732 1382 1768 1461 (a)
1781 1380 1879 1461 Ἀρτυ-

1107 1466 1227 1546 σαμίνων
1243 1466 1271 1525 δὲ
1285 1468 1318 1526 τδι
1331 1466 1396 1546 πρὸς
1415 1467 1566 1527 ἀντίστασιν
1583 1467 1629 1526 καὶ
1649 1468 1700 1539 ήδη
1721 1470 1883 1541 κινηθέντων

1105 1548 1137 1605 ἐκ
1159 1551 1206 1618 τῆς
1228 1544 1354 1626 σφετέρας
1376 1546 1427 1604 ὑπὸ
1448 1548 1560 1625 ἡγεμόσι
1574 1547 1711 1626 Λιγγινίνῃ
1731 1549 1777 1607 καί
1803 1547 1882 1621 Ἀθη-

1104 1634 1225 1713 νοδώρῳ,
1239 1632 1367 1691 συνόντων
1381 1633 1468 1698 αὐτοῖς
1482 1633 1528 1692 καλ
1543 1632 1662 1701 Κόνωνος
1685 1637 1881 1711 Φουσκισνοῦ,

1103 1729 1149 1781 τοῦ
1174 1722 1226 1780 ἀπὸ
1248 1720 1413 1795 ἐπισκόπων,
1432 1721 1478 1780 καλ
1504 1721 1634 1800 Λογγίνου
1661 1725 1807 1803 μαγίστροο
1831 1725 1884 1783 καὶ

1103 1807 1279 1887 Ἀθηνοδώρου
1302 1813 1347 1867 τοῦ
1370 1805 1474 1888 ἑτέρου,
1495 1808 1593 1880 πλῆθός
1615 1832 1643 1868 τε
1660 1809 1787 1890 μαχίμων
1808 1814 1884 1894 appi

1104 1895 1150 1963 τδις
1163 1898 1184 1977 ρ’
1197 1897 1318 1977 χιλιάδας
1330 1896 1499 1973 ἐπαγομένων
1513 1895 1543 1954 έκ
1556 1897 1728 1980 τι,’1σαύρων
1742 1899 1788 1958 καὶ
1805 1899 1884 1963 Ῥω-

1105 1984 1206 2062 μαίων,
1216 1988 1268 2043 τῶν
1287 1982 1334 2062 μίν
1349 1984 1473 2051 ἑκουσίως
1493 1984 1623 2062 έλομίνων
1636 1985 1684 2057 τήν
1699 1987 1882 2067 συμμαχίαν,

1101 2075 1155 2132 τῶν
1169 2071 1197 2131 δέ
1211 2072 1258 2131 καλ
1277 2071 1378 2150 ἀνάγκη
1394 2073 1546 2150 έπομένων,
1561 2071 1606 2132 καλ
1617 2073 1814 2153 διαδραμόντων
1828 2076 1885 2146 τὰς

1102 2162 1207 2232 πόλεις,
1229 2158 1273 2219 καλ
1299 2158 1444 2237 γενομένων
1466 2165 1492 2221 έν
1516 2160 1644 2242 Κοτιαείιρ
1669 2166 1706 2242 τῷ
1730 2161 1804 2221 ἄστει
1829 2168 1884 2237 τῆς

1104 2247 1238 2327 Φρυγίας,
1252 2246 1410 2318 ύπηντίασεν
1431 2251 1518 2315 αὐτοῖς
1536 2248 1604 2327 (καὶ)
1626 2248 1721 2308 τὸτοῦ
1745 2250 1883 2328 βασιλέως

1104 2337 1255 2415 στράτευμα
1270 2334 1338 2415 ἀμφὶ
1352 2335 1598 2417 τούς1δισχιλίους.
1613 2336 1741 2416 Ἡγοῦντο
1751 2337 1779 2397 ii
1790 2343 1882 2400 αὐτῶν

1105 2423 1247 2502 στρατηγοὶ
1274 2420 1309 2501 β’,
1325 2422 1450 2496 Ἰωάννης
1472 2426 1485 2481 δ
1512 2424 1615 2498 Σκύθης
1638 2426 1685 2485 καί
1706 2425 1836 2500 Ἰωάννης
1864 2435 1881 2488 δ

281 2534 682 2570 μ·-
689 2538 1882 2559 *Μ

307 2589 322 2653 §
335 2595 358 2640 3.
374 2592 432 2653 μετὰ
449 2593 547 2655 χρόνους
561 2591 594 2655 η’]
605 2594 654 2641 Pro
665 2598 697 2653 η’,
710 2593 776 2656 qnod
787 2606 862 2642 mann
878 2592 984 2642 secunda
996 2592 1125 2653 scriplum,
1139 2590 1217 2653 prima
1228 2602 1316 2639 ananus
1328 2584 1429 2640 dederat
1447 2591 1478 2653 β’.
1493 2590 1531 2639 CI.
1542 2590 1702 2654 Theophanes
1711 2607 1735 2655 p.
1754 2598 1809 2654 211,
1828 2600 1861 2645 12
1874 2617 1881 2644 2

276 2660 353 2722 τούτῳ
361 2666 396 2722 τῷ
403 2660 450 2709 liu
460 2663 482 2725 β’
492 2662 653 2725 βασιλεύοντος
663 2661 816 2713 ’Λναστασίου
826 2661 875 2726 (an.
888 2661 975 2725 192)...
986 2660 1127 2710 ίστασίασεν
1138 2660 1190 2708 κατ’
1202 2659 1274 2708 αὐτοῦ
1285 2660 1421 2720 θΛογγῖνος
1439 2661 1453 2708 δ
1471 2662 1577 2718 Ζήνωνος
1589 2662 1701 2724 ἀδελφὸς,
1717 2662 1743 2710 δν
1753 2664 1879 2725 χειρωσά-

277 2747 344 2792 μενος
355 2731 614 2795 ίττ’Λ1γυπτονπέμπει
628 2733 745 2796 ἐξόριστον
753 2735 778 2781 ἀν
791 2732 961 2795 Ἀλεξανδρεία,
974 2747 1014 2779 και
1028 2731 1135 2781 ἐκέλευσε
1144 2730 1332 2793 χειροτονηθῆναι
1338 2728 1408 2778 αὐτὸν
1417 2730 1582 2793 πρεσύύτερον·
1593 2732 1669 2779 ἑπτα
1677 2732 1765 2781 ετίαν
1779 2732 1805 2781 δὲ
1817 2734 1877 2782 isra-

275 2802 339 2857 ιἰιούς
357 2803 381 2851 ίν
390 2801 547 2867 Ἀλεξανδρεία
563 2804 717 2862 ἐτελεύτησεν·
730 2805 833 2869 ὑποψίαν
850 2805 875 2853 δὲ
892 2804 954 2867 έχων
970 2804 1078 2865 καὶπρὸς
1093 2806 1209 2863 Λογγῖνον
1222 2799 1262 2848 τὸν
1281 2801 1407 2863 μαγίστρον
1419 2799 1469 2863 [τὸν
1480 2800 1527 2850 ἀπὸ
1540 2800 1688 2862 μαγίστρων,
1704 2804 1744 2852 τὸν
1754 2805 1879 2867 φαλακρόν

278 2871 358 2922 hialal.
380 2886 406 2936 p.
423 2877 478 2933 393,
498 2873 560 2936 sala
572 2875 679 2937 βασιλεὺς
693 2876 733 2923 καὶ
746 2878 799 2930 τοίς
813 2875 981 2936 ἐπιδημοῦντας
989 2872 1125 2935 Ἰοαύρους,
1144 2872 1214 2920 παύει
1236 2870 1275 2917 τὸν
1295 2873 1410 2929 Λογγῖνον
1425 2875 1468 2920 τοῦ
1487 2870 1635 2933 μαγιστρίου.
1651 2871 1718 2921 idem
1732 2870 1766 2922 ad
1778 2886 1879 2928 3111111111

277 2947 427 3006 sequentem,
440 2957 465 3007 p.
479 2949 532 3005 212,
548 2951 574 2995 lo
588 2966 595 2994 τ
607 2946 683 3006 τούτῳ
692 2950 726 3008 τῷ
737 2947 782 2995 ίτιι
792 2946 942 3001 honorumue
949 2945 1004 3000 τούς
1024 2946 1047 2993 ἐν
1060 2939 1302 2994 Κωνσταντινουπόλει
1322 2939 1442 3002 Ἰσαύρους
1454 2941 1493 2989 διὰ
1511 2942 1597 2996 πολλὰς
1614 2943 1711 2999 ἀτοπίας
1726 2943 1836 3005 ίδίωξεν,
1848 2951 1878 2997 οἳ

163 3048 169 3059 .
275 3014 400 3071 ἐξελθόντες
411 3016 534 3077 τυραννίδα
546 3017 695 3078 ἐμελέτησαν.
716 3017 754 3065 cI.
769 3015 890 3065 Theodor.
902 3017 979 3076 aem,
990 3029 1013 3079 p.
1026 3020 1079 3073 558,
1093 3017 1121 3064 Ε.
1135 3015 1145 3077 ll
1155 3014 1221 3061 -τὸ
1231 3011 1255 3059 έν
1266 3010 1386 3074 Βρόχθοις]
1396 3016 1431 3073 τῷ
1446 3013 1469 3060 iu
1485 3014 1595 3075 Βροχθοῖς
1604 3012 1690 3063 codex.
1707 3015 1745 3062 De
1757 3014 1806 3064 hoc
1818 3015 1880 3069 lona

275 3084 300 3133 in
311 3085 418 3135 111111οο
430 3086 530 3149 Bospori
544 3086 616 3135 lilore
629 3085 677 3135 silo
695 3087 829 3151 Procopius
843 3088 879 3136 De
895 3085 960 3134 adii.
972 3090 993 3147 1,
1006 3090 1029 3143 9,
1037 3098 1061 3147 p.
1077 3088 1129 3143 197,
1141 3087 1154 3132 7
1166 3100 1172 3131 z
1186 3085 1236 3147 ίερᾰ
1246 3085 1286 3133 δύο
1295 3088 1330 3146 τῷ
1342 3083 1480 3145 ὰρχαγγελῳ
1494 3085 1591 3145 Μιχαὴλ
1605 3085 1713 3147 ἀνειμένα
1726 3093 1880 3151 καταντικρὺ

275 3155 384 3212 ἀλλήλοιν
402 3158 495 3206 ἑστῶτα
508 3162 549 3205 τοῦ
570 3159 675 3220 πορθμοῦ
696 3159 820 3220 ἑκατέρωθι
840 3159 972 3206 συνέύοιινεν
988 3157 1063 3213 εἶναι,
1081 3156 1175 3216 θάτερον
1192 3157 1232 3216 μὲν
1249 3157 1272 3204 ἐν
1290 3156 1361 3216 χώρῳ
1380 3155 1517 3216 καλουμένῳ
1530 3154 1634 3217 ’Λνοίπλῳ
1649 3155 1673 3202 ἐν
1687 3154 1798 3220 ἀριστερᾷ
1824 3160 1882 3210 εἰσ.

275 3225 367 3272 πλέοντι
376 3226 417 3273 τὸν
429 3227 534 3281 Εὔξεινον
543 3226 638 3286 πόντον,
655 3228 683 3274 τὸ
692 3227 717 3275 δέ
730 3227 759 3284 δή
776 3229 853 3289 ἕτερον
867 3228 891 3274 ἐν
904 3233 933 3289 τῇ
945 3228 1068 3288 ἀντιπέρας
1084 3227 1152 3288 ἀκτῇ.
1165 3226 1300 3288 Προύχθους
1315 3226 1356 3285 μὲν
1367 3223 1466 3272 ίκάλουν
1482 3227 1505 3273 ol
1521 3225 1617 3273 malalai
1636 3224 1748 3284 ἅνθρωποι
1768 3228 1815 3285 τήν
1830 3231 1883 3281 hx.

275 3294 332 3352 τὴν,
349 3297 389 3343 νῦν
407 3295 431 3342 δὲ
444 3296 528 3357 Βρύχοι
541 3295 581 3357 (ex
599 3297 692 3344 Joanna
709 3295 816 3358 corrigas
833 3296 949 3359 Βρόχθοι).
967 3297 1005 3345 cl'.
1022 3299 1110 3360 congr.
1122 3295 1181 3345 111111.
1201 3298 1262 3345 lom.
1274 3302 1297 3359 2,
1308 3308 1333 3359 p.
1344 3299 1385 3345 90.
1400 3295 1410 3357 Ι]
1424 3322 1455 3331 -
1467 3294 1626 3359 έπιόιώσασοι]
1642 3295 1767 3351 ίπιόιόνσας
1785 3299 1845 3349 nod.
1868 3304 1880 3367 Ι]

277 3388 309 3396 -
321 3363 485 3427 Ἀθηνόδωρος]
495 3364 553 3414 'Aah
567 3364 645 3414 mdes
656 3363 681 3413 11.
701 3365 722 3413 l.
743 3368 769 3414 et
788 3378 843 3415 mox
855 3366 953 3416 ilerum,
969 3368 1024 3430 ψ-
1034 3369 1075 3416 καὶ
1092 3366 1195 3430 πλούτῳ]
1213 3366 1381 3431 Theophanes,
1392 3379 1417 3429 p.
1431 3368 1485 3426 213,
1497 3368 1510 3412 7
1524 3365 1692 3429 :Taurianum
1708 3368 1885 3431 άπλούστατος

275 3432 412 3493 ἅνθρωπος,
428 3435 461 3490 είς
478 3438 525 3483 τῶν
543 3437 718 3495 συγκλητικῶν,
733 3435 775 3485 uhi
785 3434 867 3485 nescio
877 3449 947 3487 anex
958 3439 1051 3488 Ioanne
1063 3437 1234 3501 oorrigendum
1243 3438 1276 3487 sit
1287 3436 1469 3490 πλουσιώτατος.

307 3503 322 3566 §
338 3506 362 3553 1.
373 3506 405 3561 τίς
420 3512 442 3552 ν’
450 3506 491 3553 καὶ
500 3504 576 3567 χιλίας
586 3522 624 3567 χρ.
634 3505 721 3567 λίτρας]
734 3511 795 3555 5000
810 3506 880 3556 lilras
888 3507 951 3559 aiut
963 3509 1080 3572 Euagrius
1098 3512 1120 3566 3,
1134 3512 1181 3557 351
1197 3509 1314 3558 Ἐντεῦθεν
1333 3509 1372 3554 καὶ
1392 3507 1422 3554 τὰ
1438 3506 1572 3568 καλούμενα
1589 3507 1670 3569 πρώην
1680 3505 1806 3572 Tempus
1828 3521 1883 3572 τοῖς

275 3574 404 3693 {aviliania
420 3576 530 3638 ὶσινίχθη
544 3576 680 3639 θησαυροῖς·
694 3575 722 3634 ἠν
736 3578 756 3625 δ’
773 3577 820 3641 ἄρα
836 3583 905 3628 τοῦτο
918 3581 946 3629 τὸ
966 3580 1061 3644 χρυσίον
1076 3580 1099 3635 ἐς
1112 3579 1211 3629 ἕκαστον
1224 3580 1274 3636 ἔτος
1290 3584 1337 3634 τοῖς
1351 3576 1474 3642 βαρόάροις
1489 3577 1661 3640 χορηγούμενον
1680 3585 1882 3646 πεντακισχιλίας

287 3646 342 3694 λκον
352 3647 388 3695 λίτ
402 3663 437 3704 ας.

305 3714 355 3778 §a
369 3664 406 3766 1111
420 3715 484 3766 hello
497 3716 606 3766 Imurioo
617 3714 773 3767 Marcellinus
792 3719 884 3768 caron.
894 3720 926 3770 ad
939 3733 979 3770 aa.
999 3723 1045 3769 192
1058 3739 1065 3767 ι
1081 3720 1153 3769 Dum
1163 3717 1259 3770 hellam
1272 3717 1389 3779 paratur
1406 3716 1572 3776 Isauricum,
1589 3714 1704 3779 dumque
1716 3717 1809 3769 Isauri
1826 3724 1882 3773 im-

270 3787 376 3848 perium
386 3785 436 3835 sibi
448 3785 583 3836 υίιιιίίσανσ
593 3787 726 3847 scitantur,
736 3790 765 3836 iu
777 3786 892 3852 Phrppia
902 3791 985 3852 juata
1004 3789 1144 3850 Calauium
1155 3789 1288 3838 civitatem
1305 3783 1425 3849 audique
1435 3784 1585 3847 οοιιγῖαιιιιί,
1598 3782 1685 3847 ibique
1703 3784 1827 3849 Illlnpu,
1837 3804 1882 3841 ω.

272 3857 440 3920 ptolemaidem
460 3855 552 3920 peaes,
570 3856 617 3907 sed
629 3870 707 3921 eques
727 3858 1005 3917 lausannensem,
1021 3872 1040 3908 a
1054 3859 1285 3923 Romanisprlmus
1303 3858 1332 3906 lu
1345 3856 1441 3920 psallo
1459 3853 1619 3917 insudatur,
1635 3867 1778 3919 omnesque
1792 3862 1882 3914 umal

272 3928 362 3976 Isauri
383 3924 453 3990 saroa
471 3927 551 3977 deuia
565 3940 613 3990 per
630 3929 761 3978 moulaaa
774 3941 921 3994 asperaque
941 3930 1000 3980 loca
1020 3930 1155 3980 Isauriam
1171 3928 1301 3992 repetunt.
1318 3930 1375 3977 Ηοο
1385 3924 1483 3976 hellam
1494 3927 1643 3975 Isauricum
1657 3938 1706 3988 per
1722 3939 1771 3975 sea
1790 3942 1883 3983 annos

273 3997 373 4057 aeuum
384 3999 430 4046 est.
444 3995 514 4046 Idem
528 3995 559 4045 ad
574 4009 613 4045 aa.
631 3999 676 4045 197
689 4017 695 4045 :
712 3998 816 4048 Bellum
829 4001 982 4050 Isauricum
1001 3998 1049 4049 hoc
1062 4000 1137 4050 esaia
1149 4011 1220 4047 anuo
1230 3996 1357 4047 sedulum.
1369 3994 1558 4046 Alheuodorus
1566 3996 1722 4045 Isaurorum
1728 3998 1842 4058 mimus
1851 4004 1883 4052 in

273 4067 381 4114 Isauria
401 4068 494 4128 captus
515 4065 709 4128 decollatusque
724 4069 768 4117 esi.
787 4069 873 4136 Capeti
899 4069 955 4129 ojus
972 4070 1085 4118 Tarsum
1106 4069 1241 4117 civilatem
1262 4067 1376 4117 allalum
1399 4080 1448 4130 pra
1472 4067 1559 4129 portis
1574 4063 1667 4114 hastili
1686 4062 1776 4127 fixum
1794 4075 1880 4121 aaa.

273 4133 339 4182 huit.
358 4133 396 4182 Gi.
411 4134 572 4198 Theophanes
585 4148 609 4199 p.
624 4138 668 4186 213
689 4151 754 4201 ειμι,
775 4138 895 4189 211οσ11οτ.
911 4142 979 4189 Leol.
993 4154 1015 4201 p.
1030 4142 1085 4198 559,
1105 4137 1224 4200 Euagrius
1245 4142 1269 4197 3,
1291 4142 1330 4198 35,
1349 4137 1436 4187 lllalaln
1456 4149 1483 4198 p.
1505 4139 1550 4185 393
1569 4147 1623 4197 sqq.
1641 4134 1768 4198 catenans
1789 4139 1882 4192 caro·

274 4201 386 4252 nieorum
403 4203 549 4268 scriptores,
562 4205 652 4267 quihus
664 4209 778 4258 omnihus
790 4209 889 4259 uberior
904 4209 980 4259 luisse
993 4207 1224 4271 rideturJoannes.ll
1233 4206 1402 4269 -Λιγγινίνη]
1414 4206 1551 4267 Λογγινίνην
1566 4206 1606 4254 τὸν
1616 4205 1693 4268 χωλὸν
1703 4210 1778 4257 vocat
1792 4210 1882 4262 Mala.

274 4275 311 4324 las
323 4286 347 4337 p.
359 4278 413 4339 993,
425 4281 463 4338 22,
473 4275 539 4337 quod
550 4276 580 4326 ad
594 4278 727 4338 Λιγγινίνην
738 4283 849 4330 nostrum
865 4278 1030 4330 revocandum
1044 4282 1096 4337 est3
1108 4279 1162 4342 ipse
1176 4292 1234 4329 vero
1243 4281 1350 4328 loannes
1358 4291 1433 4339 snpra
1443 4276 1473 4325 ir.
1487 4279 1532 4326 211
1544 4276 1558 4336 §
1568 4280 1590 4335 2,
1600 4290 1625 4339 p.
1636 4281 1682 4327 620
1691 4275 1767 4326 λεαίνει
1781 4280 1883 4345 himo

273 4346 314 4394 τὸν
329 4344 394 4393 νόθον
413 4346 484 4395 αὐτοῦ
497 4346 552 4409 (1111)
562 4347 670 4409 ἀδελρθν,
680 4349 745 4399 unde
755 4362 799 4400 aua
815 4350 892 4401 habel
901 4348 988 4402 Sullas
997 4364 1018 4399 s.
1030 4364 1054 4398 v.
1067 4350 1156 4412 βίαιος,
1164 4348 1208 4398 uhi
1224 4349 1307 4410 Λίγγις
1321 4347 1446 4397 sanhllur.
1460 4346 1586 4407 Νινίλιγγις
1599 4347 1613 4394 θ
1629 4350 1670 4404 τῆς
1681 4345 1801 4410 Ἰσανρίας
1817 4354 1881 4413 ἦγε.

271 4418 322 4477 μων
332 4418 369 4466 ἐπὶ
381 4418 486 4474 Ζήνωνος
497 4419 631 4480 καταστὰς,
645 4420 702 4483 ἀνὴρ
711 4421 864 4484 θρασύτατος,
874 4434 913 4484 ap.
927 4419 1067 4482 Theophan.
1080 4432 1105 4481 p.
1115 4423 1171 4477 213,
1184 4425 1199 4468 a
1210 4421 1236 4467 el
1249 4423 1285 4468 lo.
1300 4419 1404 4480 Liliupis
1416 4429 1456 4479 ap.
1470 4415 1603 4465 Marcellia.
1620 4419 1646 4464 el
1656 4415 1791 4468 Iordanem
1801 4433 1876 4487 regg,

271 4502 292 4538 ο.
308 4491 347 4537 13.
368 4487 445 4546 'llam
465 4489 579 4551 corrupto
596 4488 685 4552 legitor
700 4491 725 4539 iu
738 4492 842 4553 Euagrio
854 4496 878 4551 3,
895 4487 1501 4551 15.1οτιπω11ινι-1ί111εείΛιγγι-νίνηςιιοιιιοο
1522 4485 1684 4549 compositam
1706 4485 1820 4548 produnt
1841 4495 1880 4545 ab

271 4558 326 4609 aliis
346 4558 416 4608 aliter
433 4557 597 4608 efformatum.
612 4559 623 4623 ΙΙ
639 4587 669 4596 -
680 4562 797 4626 Κόνωνος]
810 4564 847 4612 ci.
863 4565 892 4614 ir.
908 4564 953 4612 214
966 4560 981 4624 §
992 4568 1005 4610 2
1016 4575 1040 4623 p.
1051 4565 1105 4609 620.
1122 4559 1132 4621 ΙΙ
1144 4585 1175 4595 -
1184 4560 1301 4620 Λογγίνου
1313 4558 1451 4621 μαγίοτρου]
1460 4556 1506 4606 ilie
1515 4555 1580 4619 apud
1594 4555 1726 4618 Euagriunl
1738 4560 1763 4617 3,
1786 4563 1820 4609 35
1835 4584 1842 4612 ;
1864 4568 1880 4615 6

271 4630 346 4692 ίτιρος
369 4631 485 4690 Λογγῖνος
498 4628 525 4677 τὸ
546 4629 606 4678 πολθ
618 4636 660 4688 τῆς
679 4634 811 4695 τυραννίδος
823 4632 971 4695 συνέχων,ό
988 4632 1084 4688 ἐπίκλην
1103 4632 1264 4686 Σελινούντιος.
1278 4629 1375 4679 Scilicet
1390 4633 1480 4692 praeler
1493 4627 1558 4677 hunc
1571 4626 1646 4675 eiiam
1664 4626 1771 4677 3119121111
1785 4632 1883 4698 Longi.

271 4712 330 4748 uum
348 4696 452 4748 Zenonis
463 4697 564 4747 fratrem
575 4697 640 4749 hello
653 4701 793 4752 interfuisse
806 4702 926 4766 Euagrius
935 4699 1018 4749 leodii.
1031 4700 1041 4763 Ι]
1051 4701 1194 4759 -111ηνοδ,
1210 4705 1252 4748 τοῦ
1262 4698 1350 4763 ἐτέρου]
1361 4698 1406 4750 Ἀθ.
1417 4701 1457 4749 τὸν
1469 4701 1580 4762 νεώτερον
1590 4695 1651 4747 dicit
1660 4696 1763 4747 ualuas
1773 4714 1800 4763 p.
1816 4707 1879 4765 ³98,

271 4774 310 4817 22.
323 4767 334 4833 Ι]
345 4795 376 4804 -
386 4770 405 4832 ρ’
414 4766 530 4832 χιλιάδας]
546 4769 579 4831 ρν’
589 4770 634 4830 pl.
650 4771 785 4821 monadum
799 4771 972 4834 Theophanem
984 4783 1009 4833 p.
1020 4777 1074 4829 212,
1092 4774 1119 4821 19
1129 4785 1136 4819 τ
1147 4774 1262 4830 Λογγῖνος
1308 4770 1429 4818 mileion
1440 4771 1535 4825 τούτους
1547 4763 1682 4830 (isaurose‘
1693 4768 1879 4842 ῦοσειενντὶπρ.

271 4838 320 4900 poli
334 4838 458 4902 profugos)
470 4854 495 4886 τε
507 4839 546 4885 καί
564 4838 635 4894 ἀλλην
649 4841 745 4905 δύναμιν
756 4843 877 4905 pampas
889 4841 929 4890 καί
943 4842 1035 4902 λῃστῶν
1049 4844 1080 4896 ὡς
1094 4839 1260 4889 πεντεκαίδεκα
1271 4840 1391 4902 μυριάδας.
1405 4841 1416 4902 ΙΙ
1429 4867 1460 4880 -
1471 4836 1621 4908 ὑπηντίασεν]
1631 4840 1779 4889 ὑπαντιάσειν
1788 4845 1847 4894 aad,
1863 4846 1877 4911 ψ

270 4934 303 4950 -
328 4908 466 4973 δισχιλίους]
491 4907 568 4969 Major
587 4922 704 4961 numerus
726 4911 869 4975 requiritur.
893 4911 904 4975 ΙΙ
925 4939 954 4952 -
968 4911 1078 4975 ἡγοῦντο]
1097 4915 1177 4972 ἡγεῖτο
1194 4909 1248 4961 cod.
1272 4910 1283 4977 Ι]
1302 4937 1332 4948 -
1349 4912 1388 4960 κτλ
1403 4907 1482 4972 αὐτὸς]
1504 4910 1568 4966 aiom
1589 4909 1695 4959 loannes
1708 4911 1811 4972 Scylha.
1830 4914 1878 4969 cf,

271 4981 437 5044 Theophanes,
449 4993 473 5042 p.
487 4981 541 5038 213,
554 4983 580 5028 11
594 4998 600 5029 ι
612 4985 742 5045 ἡγουμένου
761 4985 827 5039 ὄντος
851 4981 963 5033 Ἰωάννου
976 4987 1019 5031 τοῦ
1036 4984 1125 5035 Σκύθου
1142 4987 1184 5032 τοῦ
1197 4983 1239 5041 τήν
1251 4983 1324 5033 Ἰλλοῡ
1341 4982 1381 5028 καὶ
1392 4979 1503 5029 Λεοντίου
1521 4979 1645 5041 τυραννίδα
1663 4976 1819 5043 καθελόντος,
1830 4990 1880 5036 nl

273 5050 381 5100 Ἰωάννου
401 5054 442 5100 τοῦ
459 5049 555 5105 ἐπίκλην
568 5058 669 5116 κυρτοῦ,
682 5055 856 5116 ἀμφοτέρων
874 5057 916 5102 τοῦ
935 5052 1051 5117 θρᾳκῴου
1064 5054 1239 5116 ,στρατεύματος
1254 5053 1401 5114 ἡγουμένων,
1414 5053 1453 5098 καὶ
1466 5050 1589 5113 Διογένους
1608 5050 1771 5113 (Διογενιανοῦ
1785 5053 1876 5107 Halai,

273 5134 298 5181 p.
311 5122 365 5179 393,
386 5121 509 5185 16)(ούτοι
521 5122 622 5184 κόμητις
642 5126 736 5186 σχολῶν
758 5125 884 5188 ίτύγχανον
906 5123 978 5184 ὄντες)
995 5127 1034 5173 καί
1056 5126 1139 5188 ἑτέρων
1158 5122 1394 5183 inoluminum.
1411 5119 1544 5183 Diogenem
1557 5121 1725 5171 loannes'non
1738 5130 1877 5187 recenset;

272 5188 304 5238 de
319 5190 407 5239 celeris
417 5190 523 5241 (luemus
534 5193 565 5242 ah
577 5195 671 5244 Ioanne
690 5195 832 5245 memoralis
850 5194 924 5245 silent
931 5194 1020 5258 reliqui
1031 5197 1173 5259 soriptoros.
1190 5194 1201 5257 ΙΙ
1216 5223 1245 5240 -
1260 5190 1396 5256 Σηλυὸρίας]
1406 5194 1456 5241 Tel.
1468 5190 1522 5242 md.
1536 5192 1546 5255 Ι]
1558 5218 1588 5227 -κ
1601 5192 1746 5256 halapam]
1754 5194 1797 5244 vel
1810 5195 1877 5249 iort.

272 5261 418 5324 Βεόερναντσ.
441 5262 526 5312 codex
546 5263 620 5314 hehel
641 5266 773 5328 Βεδερεανος
791 5265 885 5330 alasque
911 5269 1022 5316 accentu.
1041 5264 1140 5323 castelli
1159 5265 1234 5329 hujus
1248 5263 1397 5317 mentionem
1414 5262 1471 5311 lacit
1493 5262 1627 5325 Prosopius
1648 5265 1684 5312 De
1704 5261 1772 5313 aelli.
1793 5267 1819 5326 1,
1850 5272 1880 5331 1,
