3906 6034
288 482 327 545 82
713 475 913 537 CRITOBULI
935 475 1197 539 Hismfflniiiini
1216 473 1288 536 LIB.
1313 476 1339 547 Ι,
1360 477 1459 538 iii-38.

289 635 370 689 μουν,
391 609 437 670 καῖ
459 608 527 686 μετδι
549 603 703 689 δευτέρανῆ
723 606 813 687 τρίτην
829 608 930 687 ἡμέραν
951 604 1057 686 δέχεται
1110 610 1192 689 ρῶντο
1199 609 1251 666 τῶν
1266 607 1343 679 νεῶν,
1357 606 1382 664 οί
1395 605 1422 664 δέ
1438 605 1537 675 ξυστοῖς
1552 605 1599 664 καὶ
1612 607 1722 675 παλτοῖς
1732 608 1779 667 καὶ
1793 607 1879 689 δόρασι
1927 604 1928 607 “

288 697 486 779 ξάνθημαπαρά
498 700 545 756 τοῦ
555 694 696 776 βασιλέως,
710 693 779 764 ὅπως
793 697 880 762 καλῶς
890 718 1058 775 παρασκευα.
1113 702 1224 774 μακροῖς
1241 692 1425 765 κατηκόντιζον
1439 692 1504 760 ,τοῖς
1518 693 1753 775 προμαχομένους,
1769 695 1837 776 ὁρμή
1853 720 1880 756 τε
1927 704 1928 707 ’

287 789 398 866 σάμενος
410 786 456 847 καῖ
469 782 682 862 ξυντεταγμέναις
694 787 753 851 ταῖς
766 783 841 843 ναυσὶ
851 784 1056 865 διαναυμαχήαῃ
1110 774 1143 855 ἦν
1169 782 1256 850 αὸτοῖς
1279 782 1309 841 ού
1331 781 1412 861 μικρά
1434 782 1496 860 περὶ
1519 782 1550 841 τδ
1564 782 1641 862 ἔργον
1672 784 1717 841 καί
1736 785 1879 864 προθυμία.
1927 824 1928 829 ,

287 874 453 959 πρόςτττῖις
465 873 578 940 ὁλκάδας
591 870 637 930 καῖ
645 871 693 939 τάς
705 872 818 952 τριήρεις
830 870 877 939 τάς
885 870 1051 952 ἐφορμούσας
1111 870 1144 950 (ι)
1164 873 1200 930 Οί
1224 869 1252 928 ti
1266 868 1310 928 ἀπὶ
1327 871 1380 927 τῶν
1399 867 1516 928 ὁλκάδων
1544 860 1629 950 [ἦσαν
1647 869 1698 952 γάρ
1719 870 1772 944 ἤδη
1792 895 1879 953 πτρε·

286 968 325 1042 τῶ
337 962 452 1041 στόματι
464 966 510 1020 τοῦ
522 962 627 1038 λιμένος
637 958 683 1019 καί
696 963 729 1039 τῇ
744 959 851 1030 άλύσει,
867 958 892 1017 εί
906 983 963 1026 πως
975 960 1056 1032 δυνη-
1110 956 1283 1035 σκευασμίνοι
1294 957 1359 1038 πρὸς
1371 963 1447 1018 τοῦτο
1457 957 1508 1017 iri
1518 957 1687 1036 τοῶμεγάλου
1701 958 1799 1033 δουκὸς,
1813 953 1881 1034 θςῆν

286 1052 343 1125 θείη
351 1052 394 1110 τδν
405 1050 516 1108 ἔσπλουν
532 1046 682 1127 βιάσασθαι.
724 1044 1055 1128 (1)Ἐγνωστογδιραύτῷ
1108 1047 1152 1106 iri
1164 1045 1264 1113 τούτοις
1282 1045 1439 1124 τεταγμένος
1460 1046 1507 1104 καῖ
1529 1050 1577 1118 τῆς
1597 1044 1733 1117 θαλάσσης
1750 1037 1806 1126 εἶχε
1831 1047 1877 1120 τὴν

286 1139 313 1209 ἐξ
335 1138 451 1203 θπαντος
470 1134 568 1215 τρόπου
581 1134 668 1195 τόντε
681 1133 777 1211 λιμένα
792 1133 838 1193 καὶ
857 1134 887 1192 τὸ
903 1133 992 1214 Κίρας
1013 1137 1056 1214 δυ’
1109 1132 1262 1214 φυλακήν),
1286 1132 1332 1192 ἀτε
1360 1132 1403 1215 ἀφ’
1423 1135 1524 1213 ύψηλοῶ
1550 1132 1698 1212 μαχόμενοι
1716 1136 1762 1194 καῖ
1784 1136 1879 1198 ἀνωθεν
1927 1186 1928 1191 ,

286 1229 372 1305 ἑαυτῷ
390 1223 564 1296 ποιήσασθαι,
591 1225 626 1291 ὡς
641 1222 673 1282 ἀν
693 1222 857 1302 πανταχόθεν
874 1221 944 1281 κατά
964 1246 993 1282 τε
1006 1227 1056 1301 γῆν
1111 1221 1367 1302 βαλλαντεςλίθοιςτε
1375 1220 1420 1280 καῖ
1430 1223 1539 1288 παλτοῖς
1549 1222 1692 1301 καῖδόριισι
1702 1223 1878 1296 καὶάκοντίοις

286 1315 332 1373 καῖ
352 1314 486 1373 θάλασσαν
508 1310 702 1392 προσὸάλοιτῇ
719 1308 813 1370 πόλει·
832 1309 964 1387 ἀνομίζττο
990 1309 1053 1391 γάρ,
1108 1309 1153 1369 καῖ
1165 1310 1281 1388 μάλιστα
1292 1308 1338 1388 ἀρ’
1346 1306 1519 1388 ὑψηλοτάτου,
1530 1311 1635 1381 τῆςτῶν
1643 1309 1733 1370 ἱστίων
1741 1316 1879 1394 στεφάνης,

285 1403 350 1482 άπερ
365 1400 411 1460 καῖ
422 1391 473 1476 ἦν,
492 1401 528 1468 ῶς
544 1401 567 1459 εί
582 1398 627 1458 καὶ
641 1397 672 1458 τὸ
682 1397 766 1479 ταύτῃ
788 1405 874 1477 τοῖχος
893 1396 987 1467 ἀνοίξει
1007 1421 1056 1458 πο-
1107 1396 1274 1476 τραυματίας
1290 1419 1320 1455 τε
1335 1398 1395 1464 τούς
1410 1396 1523 1463 πολλούς
1541 1396 1692 1477 εἰργάζοντο
1707 1399 1754 1458 καὶ
1769 1403 1880 1483 ἀνῄρουν
1927 1422 1928 1425 ’

284 1489 371 1569 λέμῳ,
386 1487 477 1569 ρριδίαν
495 1485 527 1544 δν
548 1487 619 1566 αύτῷ
636 1483 684 1558 τὴν
698 1489 745 1558 τῆς
769 1482 870 1551 πόλεως
889 1484 988 1563 αἵρεσιν
1006 1507 1054 1563 γε-
1108 1488 1159 1545 ούκ
1172 1486 1289 1564 όλίγους,
1302 1483 1341 1543 ἔτι
1355 1484 1383 1543 ii
1400 1486 1535 1566 ἀμφορέας
1556 1486 1684 1564 μεγάλους
1701 1489 1811 1566 πλήρεις
1824 1489 1879 1550 ὁθά·
1927 1556 1928 1559 ς

285 1576 389 1651 νέσθατ,
410 1577 457 1635 ούκ
484 1573 659 1655 ἀξαρκούντων
674 1576 726 1633 τῶν
752 1572 962 1653 προμαχομένων
990 1572 1055 1651 πρὸς
1109 1597 1160 1633 των
1188 1571 1396 1653 έκκριμαμίνους
1427 1575 1473 1632 καὶ
1501 1571 1586 1640 λίθους
1614 1578 1720 1655 βαρεῖς,
1755 1578 1880 1656 σχοινίοις

286 1664 374 1724 πάντα
396 1662 441 1723 τὸν
460 1660 599 1742 περίύολυν
614 1661 818 1741 ὀλιγανθρωπία,
839 1659 962 1739 μέγιστον
978 1658 1051 1722 ὁντα.
1108 1661 1288 1739 ἐκδεδεμένους
1302 1659 1411 1736 ἀνωθεν,
1426 1659 1584 1728 ἀπολύοντες
1593 1663 1719 1742 μεγίστην
1734 1666 1879 1745 εἰργάζοντο

285 1755 316 1829 (ιλ
332 1750 492 1829 Παλτόγλης
505 1748 532 1808 δῖ
550 1748 598 1815 τάς
610 1772 639 1808 τε
656 1753 719 1815 ναῖς
740 1747 844 1814 ἁπάσας
864 1749 910 1807 καλ
931 1745 990 1815 τοῖς
1011 1748 1054 1806 ἀπ’
1108 1748 1231 1829 βλάύην·
1274 1750 1313 1829 (ο)
1327 1748 1464 1830 φιλοτιμία
1482 1773 1512 1809 τε
1533 1741 1566 1823 ἦν
1586 1748 1743 1829 ἀμφοτέροις
1765 1753 1876 1830 μεγίστας

285 1843 376 1906 αὖταῖς
391 1836 524 1918 μαχίμους
538 1836 633 1915 ἄνδρας
646 1835 754 1905 ἐκτάξας
767 1859 796 1895 τε
811 1835 858 1895 καί
874 1834 985 1904 ὁπλίσας
1002 1860 1053 1894 κα·
1106 1836 1154 1897 καῖ
1175 1835 1292 1910 σπουδὴ,
1313 1841 1367 1897 τῶν
1384 1835 1431 1913 μῖν
1453 1838 1631 1918 ύπερτορῆσαι
1649 1838 1816 1916 βουλομένων
1837 1841 1879 1900 καῖ

283 1930 351 1997 λῶς,
369 1928 475 1987 ἐπιπλεῖ
494 1934 552 1994 ταῖς
570 1926 664 1986 ὁλκάσι
685 1925 731 1985 καὶ
749 1930 782 2004 τῇ
802 1924 894 1985 ἁλύσει
917 1925 964 1994 ξύν
984 1929 1054 2006 ὁρμῇ
1105 1926 1150 1986 τδν
1163 1925 1274 1985 ἔσπλουν
1289 1925 1440 2005 βιάσασθαι,
1453 1929 1505 1985 τῶν
1520 1924 1548 1985 δέ
1558 1929 1646 1994 καλῶς
1657 1949 1687 1985 το
1699 1928 1878 2006 ἀγωνίσασθαι

283 2016 369 2093 πολλῇ
383 2013 429 2074 καῖ
440 2017 515 2092 θυμῷ
530 2010 576 2072 καῖ
585 2011 670 2094 ρύμη,
682 2011 721 2071 ἔτι
734 2012 762 2070 δὲ
772 2015 823 2094 βοῇ
832 2010 879 2071 καὶ
893 2013 1052 2091 ἀλαλαγμῷ.
1106 2014 1152 2074 καὶ
1171 2013 1283 2096 φυλάξαι
1301 2013 1347 2073 τόν
1362 2036 1391 2073 τε
1403 2014 1498 2091 λιμένα
1518 2015 1625 2083 καὶτὰς
1646 2019 1709 2082 ναῖς
1721 2016 1769 2074 καὶ
1792 2016 1880 2075 ἀπιάι-

284 2102 340 2163 liri
349 2105 441 2181 πρῶτα
451 2102 498 2180 μὲν
507 2101 599 2179 μικρὸν
609 2098 840 2179 ἀνακωχεύσαντες
850 2099 897 2168 τδις
907 2105 977 2173 ναῦς,
992 2098 1051 2161 ὅσον
1107 2108 1203 2163 σασθαι
1216 2102 1335 2170 τούτους·
1348 2101 1422 2170 τέλος
1440 2107 1464 2162 οῖ
1478 2102 1522 2163 iri
1536 2106 1587 2163 τῶν
1606 2103 1725 2164 ὁλκάδων
1742 2104 1879 2183 εὐρώστως

283 2189 355 2257 έντὸς
369 2179 1053 2270 βίλουςείναι,ἀκροὸολισμοῖςέχρήσαντοπὸρρωθιν
1107 2190 1254 2271 μαχόμενοι
1274 2190 1385 2272 ἔτρεψάν
1400 2215 1429 2250 τε
1449 2191 1555 2259 τούτους
1569 2192 1616 2250 καῖ
1636 2190 1811 2268 ἀπεώσαντο,
1830 2192 1879 2251 ἀν-

284 2279 331 2337 καῖ
340 2278 460 2357 πείραις,
473 2275 612 2355 βάλλοντες
628 2274 674 2333 καλ
693 2273 851 2354 βαλλόμενοι
868 2273 1011 2353 τοξιύμασί
1024 2298 1053 2332 τε
1105 2279 1163 2357 δρες
1175 2277 1268 2355 ἀγαθοί
1277 2277 1411 2355 γινόμενοι
1423 2277 1467 2336 διά
1477 2278 1579 2345 τέλους.

283 2367 329 2426 καῖ
342 2365 422 2433 λίθοις
434 2372 488 2432 τοῖς
501 2362 554 2423 ἀπδ
566 2367 619 2422 τῶν
636 2365 763 2442 μηχανῶν
778 2364 943 2445 ἀραμένοις,
957 2363 1049 2421 ἔπειτα
1145 2363 1302 2424 XXXVIII.
1318 2363 1446 2433 Βασιλεύς
1459 2364 1487 2424 δῖ
1500 2364 1668 2447 Μεχίμετις,
1679 2364 1771 2437 ἐπειδὴ
1786 2367 1880 2439 ταύτης

284 2456 370 2534 πολλῇ
383 2456 416 2532 τῇ
431 2450 502 2533 ῥύμη
518 2449 610 2527 μέσαις
626 2449 755 2526 ῖμὸιίλλει
770 2455 827 2518 ταῖς
846 2451 955 2509 ὁλκάσι·
969 2449 1015 2509 καῖ
1028 2452 1053 2508 oi
1105 2455 1153 2522 τῆς
1178 2451 1327 2532 προσύολῆς
1351 2453 1534 2533 ἀπεκρούσθη,
1562 2452 1627 2533 πρὸς
1649 2454 1735 2535 ἕτερον
1760 2458 1880 2534 μηχανῆς

283 2542 328 2600 έπῖ
347 2544 398 2600 τῶν
425 2540 658 2620 καταστρωμάτων
678 2540 784 2598 ὁπλῖται
804 2537 876 2605 εύθῖις
893 2540 917 2597 οῖ
932 2538 980 2614 μέν
999 2543 1052 2617 πῦρ
1105 2529 1171 2607 εῖδος
1184 2548 1278 2619 χωρεῖ,
1292 2540 1337 2600 καῖ
1355 2540 1517 2619 ξυγκαλέσας
1536 2539 1596 2609 τούς
1612 2540 1826 2620 μηχανοποιούς,
1839 2540 1880 2600 εί-

283 2631 408 2712 ἀπίρερον
422 2639 478 2696 ταῖς
489 2628 595 2708 χερσῖν,
608 2627 732 2686 ἀνάπτειν
750 2626 927 2703 διανοούμενοι
941 2623 1051 2696 ταύτας,
1107 2649 1180 2706 ρετο,
1195 2626 1220 2686 εί
1231 2651 1262 2706 γε
1276 2627 1384 2687 δυνατδν
1397 2627 1444 2697 τάς
1458 2629 1622 2710 ἐφορμούσας
1644 2633 1681 2709 τῷ
1701 2628 1819 2704 στόματι
1836 2633 1878 2686 τυῖ

283 2722 307 2778 οἱ
319 2720 346 2779 ti
362 2718 503 2799 πυρφόροις
523 2719 619 2783 ὁῖστοῖς
630 2714 759 2787 έδαλλον,
775 2714 850 2777 άλλοι
866 2711 894 2773 ii
912 2712 959 2780 τάς
973 2712 1051 2793 σχοί-
1105 2714 1210 2792 λιμένος
1232 2716 1345 2784 ὁλκάδας
1365 2725 1419 2783 τοῖς
1438 2718 1491 2776 ἀπὸ
1511 2722 1564 2777 τῶν
1587 2719 1713 2796 μηχανῶν
1733 2717 1882 2796 ἀφιεμένοις

282 2830 340 2874 νους
350 2809 401 2865 τῶν
416 2808 535 2885 ἀγκυρῶν
551 2801 705 2883 ύποτίμνειν
718 2805 874 2883 ἐπειρῶντο,
890 2802 914 2860 οῖ
926 2799 953 2858 δέ
970 2804 1051 2881 ἀναρ·
1104 2804 1185 2874 λίθοις
1209 2806 1288 2863 αύτοῶ
1307 2808 1358 2864 που
1382 2808 1521 2886 συντρῖψαι
1534 2806 1580 2864 καλ
1598 2806 1757 2864 καταδῦσαι.
1805 2804 1879 2867 otii

284 2892 423 2975 ριχόιμενοι
445 2892 570 2972 ἀγκύραις
590 2890 635 2951 καῖ
658 2889 780 2968 κλίμαξιν
805 2888 949 2948 ῖπιύαίναιν
979 2891 1052 2949 ἀπει-
1105 2890 1169 2971 πρὸς
1183 2895 1261 2950 τοῦτο
1283 2891 1416 2959 ἀδυνάτως
1436 2892 1505 2973 ἔχειν
1528 2892 1646 2973 ἔφασαν,
1660 2894 1881 2972 ἀπιπροσθοῶντος

281 3106 492 3171 gnamnavaiem,
508 3118 564 3169 quae
575 3117 597 3154 o.
609 3106 680 3156 39-41
696 3104 818 3163 narratur,
835 3115 914 3164 neque
923 3104 1008 3165 postea
1021 3101 1181 3152 commissum
1190 3115 1245 3153 ease
1253 3115 1356 3152 censeo:
1367 3115 1424 3152 narn
1440 3102 1506 3152 nulia
1514 3102 1570 3166 ejus
1583 3102 1677 3153 mentio
1690 3102 1720 3151 iii
1728 3105 1800 3166 apnd
1813 3104 1879 3155 liroo·

283 3180 351 3229 irum
364 3177 512 3232 Barbarum.
522 3176 564 3239 qni
574 3176 625 3238 ipae
638 3177 697 3224 inno
709 3173 733 3222 in
741 3187 803 3223 τιτινο
815 3175 907 3223 veneta
917 3172 981 3223 Inter
993 3176 1079 3235 portua
1091 3172 1232 3224 defensores
1243 3187 1351 3237 presens
1367 3178 1429 3233 erat,
1444 3176 1471 3224 et
1480 3187 1537 3238 σου
1547 3174 1648 3238 singuiis
1660 3174 1746 3224 diebus
1759 3174 1797 3225 ibi
1814 3179 1882 3239 graia

284 3248 334 3298 rint
343 3246 471 3309 diligenter
484 3245 602 3294 enotavit.
616 3246 705 3293 Narrat
713 3242 838 3292 Barbarus
847 3242 906 3292 Maii
918 3241 959 3293 iiie
970 3243 1026 3293 xvi
1038 3244 1064 3293 et
1076 3243 1167 3293 iterum
1176 3245 1216 3294 die
1229 3247 1297 3296 xvii
1311 3257 1387 3294 naves
1399 3248 1535 3295 Turoornnr
1546 3246 1675 3296 nonnullae
1684 3257 1772 3295 verens
1783 3250 1881 3310 portuno

282 3319 380 3379 rectas,
394 3315 439 3365 red
449 3317 506 3378 post
512 3314 611 3363 πείσασα
620 3312 714 3376 aliquot
729 3326 744 3363 e
756 3312 888 3375 longinquo
899 3311 993 3376 lapidea
1005 3326 1063 3362 mox
1076 3326 1187 3364 renemas
1201 3327 1269 3375 eane,
1288 3314 1388 3365 tandem
1401 3328 1460 3364 roro
1473 3313 1514 3365 die
1528 3317 1586 3366 xxi
1600 3318 1678 3366 iotam
1691 3314 1798 3365 eluiem
1812 3330 1827 3366 e
1842 3329 1879 3366 το

164 3398 169 3407 ·
282 3388 353 3451 gione
366 3387 452 3448 portus
464 3382 606 3449 apparuisse
618 3383 688 3446 quani
697 3382 782 3446 proelio
793 3385 955 3443 narraturam,
966 3387 994 3433 at
1005 3383 1068 3433 hano
1078 3398 1177 3447 quoqne
1189 3385 1271 3435 subito
1283 3389 1309 3435 et
1321 3384 1413 3451 absque
1429 3398 1516 3450 pugna
1530 3386 1640 3451 periculo
1655 3388 1740 3437 συουιε
1760 3386 1883 3437 orationes

285 3454 421 3519 repetiisse.
435 3455 496 3505 ileo
507 3466 592 3503 ansani
601 3451 707 3517 fingendi
717 3452 795 3514 proeiii
808 3452 903 3502 narniis
914 3451 1042 3502 Critobulo
1051 3453 1188 3516 proruisse
1201 3454 1325 3504 videntur.

314 3525 366 3590 §a
383 3526 460 3575 Ὀσον
469 3525 533 3580 ἐντὸς
543 3525 623 3588 βιλυυς
630 3522 700 3587 εῖναι]
714 3525 774 3573 Ηαο
785 3522 853 3573 addit
864 3521 976 3586 marrini]
990 3552 1018 3564 -
1026 3523 1265 3589 ἀγκυρῶν14γγυρῶν
1273 3529 1363 3576 οῑιειοιι
1376 3527 1487 3590 ἂγγὺραις
1496 3525 1583 3577 codex.
1594 3555 1620 3563 —
1635 3526 1670 3591 115
1682 3530 1707 3576 4.
1721 3531 1768 3577 τοῦ
1778 3527 1884 3590 μεγάλου

282 3594 378 3659 θοοκὸς]
388 3594 427 3644 ie
435 3596 511 3643 Lucae
520 3591 774 3643 Notarre.1.eonardno
786 3604 811 3655 p.
822 3595 867 3641 θνα
878 3612 885 3641 ι
896 3592 1021 3643 Cieiriuca
1032 3593 1059 3657 (i.
1067 3607 1090 3644 ο,
1098 3596 1147 3658 Κὺρ
1156 3595 1269 3658 Λουκᾶς)
1279 3607 1350 3645 οντα
1362 3598 1454 3659 porros
1470 3597 1600 3659 totiusque
1611 3600 1726 3660 repioois
1736 3600 1881 3647 maritione

282 3663 453 3728 θπυῖρίῖαὸαθ.
471 3662 604 3712 Phranizee
610 3675 639 3726 p.
651 3665 704 3721 254,
719 3665 747 3710 iii
760 3681 767 3711 z
779 3663 809 3710 ‘0
820 3662 845 3710 δὲ
859 3662 931 3725 μέγας
939 3663 992 3718 δοῖιξ
1004 3665 1098 3719 Λουκᾶς
1108 3666 1121 3712 ὁ
1132 3666 1293 3726 Νοταρᾶςτοῖς
1306 3668 1386 3727 μέρεσι
1395 3671 1439 3715 τοῦ
1450 3666 1551 3729 Πετρῖου
1560 3665 1761 3730 (Poro-ioprsri
1776 3666 1812 3720 ad
1826 3680 1881 3732 por·

282 3734 353 3799 timi)
362 3736 403 3784 καὶ
414 3735 457 3790 ίως
467 3738 508 3792 τῆς
519 3732 593 3791 πύλης
603 3738 645 3790 τῆς
657 3730 725 3793 ἁγίας
737 3731 867 3787 θεοδοσίας
881 3731 1193 3796 (aeternornm-iepram
1202 3734 1227 3797 i)
1244 3733 1381 3783 custodiam
1396 3733 1509 3785 habebnt.
1526 3734 1537 3798 θ
1552 3734 1606 3799 —§
1616 3742 1630 3786 5
1642 3737 1681 3785 ἀπὶ
1693 3741 1742 3784 τῶν
1758 3734 1883 3799 ὁλκάδων]

283 3806 331 3855 ἀπὸ
342 3822 364 3854 τ.
375 3807 397 3854 i.
411 3817 441 3853 sn
459 3816 486 3852 ra
497 3801 626 3865 seriptum.

312 3817 523 3931 xxxiiiinuaa
543 3870 591 3920 hoo
613 3870 693 3934 capite
715 3871 964 3933 συνουσιαστῶν.
982 3875 1048 3933 39,1
1066 3872 1197 3923 tribueroi
1216 3875 1334 3935 quattuor
1345 3873 1432 3924 diebus
1443 3874 1499 3923 ante
1511 3874 1623 3937 proelinrn
1638 3875 1728 3925 navaie
1743 3878 1817 3939 genia
1830 3890 1885 3928 esse

281 3944 405 4005 dicuntur,
417 3945 475 4007 posi
487 3942 562 4005 capnt
574 3943 605 3990 44
618 3940 731 4004 ponenda
743 3943 825 4002 erent3
836 3954 892 3991 nam
903 3941 989 3991 narnia
999 3941 1114 4006 proelium
1127 3942 1159 4007 (ο,
1172 3944 1258 4006 aii-ii)
1266 3943 1360 3994 editum
1375 3947 1414 3994 osi
1426 3943 1515 4006 npn'iio
1527 3944 1568 3994 die
1580 3946 1632 4006 xii,
1644 3958 1720 3995 naver
1731 3959 1780 4009 per
1792 3950 1883 3998 terrun

282 4014 432 4064 transsacio
445 4013 486 4063 ‹iie
497 4013 577 4071 xiil,
587 4010 675 4064 deinde
684 4010 759 4060 Turri
771 4009 803 4060 de
811 4010 872 4061 roiie
882 4012 993 4062 Galatino
1005 4026 1080 4064 navea
1093 4013 1201 4063 hostiurn
1212 4013 1352 4064 bombardia
1365 4013 1511 4064 intentarunt
1525 4014 1584 4065 iiaii
1603 4014 1643 4065 die
1661 4019 1692 4065 v.
1706 4016 1748 4065 sir
1759 4018 1887 4069 Barbarus

281 4087 392 4147 tempora
415 4083 524 4143 notarit,
543 4081 694 4147 eandemque
717 4093 799 4131 reruni
819 4081 908 4132 seriem
920 4082 997 4134 habea
1011 4083 1077 4147 apud
1099 4083 1243 4135 Phranizem
1259 4099 1283 4148 p.
1305 4088 1360 4135 247.
1378 4089 1432 4135 251.
1452 4086 1505 4134 157.
1521 4085 1598 4148 Aliter
1615 4098 1668 4137 rem
1687 4086 1823 4141 adornavit
1837 4093 1881 4141 Pu·

282 4152 380 4214 eonius,
394 4154 438 4216 qni
446 4153 553 4217 primunr
566 4151 696 4215 descripsit
705 4151 819 4215 proeiiurn
832 4152 918 4203 navale
926 4190 935 4215 ,
943 4152 1032 4203 θοίιιθο
1042 4153 1073 4203 de
1087 4154 1227 4204 bombardio
1235 4154 1260 4204 in
1269 4153 1331 4204 ooiie
1340 4153 1451 4205 Galatino
1460 4154 1554 4216 potitis,
1563 4155 1637 4207 tertio
1645 4155 1699 4206 iono
1710 4156 1742 4207 de
1757 4162 1884 4224 transpor-

282 4223 342 4279 tatio
353 4224 457 4274 nanbna
469 4223 544 4283 dixit3
557 4222 628 4273 aliter
644 4222 749 4286 deniqne
765 4223 905 4274 Leonardue
915 4238 939 4288 p.
951 4228 991 4275 311
1006 4225 1122 4288 roq.,qni
1130 4225 1209 4289 primo
1218 4226 1274 4276 ioco
1286 4225 1318 4275 de
1329 4224 1433 4274 naribus
1448 4238 1492 4288 per
1506 4227 1593 4276 collem
1605 4228 1771 4289 ιιαιιενοοθσ,
1784 4234 1840 4282 turn
1854 4230 1885 4280 θο

281 4292 362 4344 navali
371 4306 460 4357 pugna,
467 4296 492 4344 oi
501 4293 618 4358 porthoeo
628 4292 659 4343 tie
670 4292 810 4345 nominoio
819 4294 937 4344 Galatinia
945 4295 1072 4359 exposuit,
1080 4309 1185 4359 quarum
1195 4298 1278 4346 Duras
1289 4299 1315 4346 et
1326 4294 1533 4359 cnaioooonnyins
1539 4296 1638 4347 omnino
1647 4310 1696 4365 non
1705 4301 1883 4351 meminerunt.

281 4363 401 4418 Proeiinrn
415 4365 501 4415 navaie
513 4367 596 4415 Duras
609 4378 634 4430 p.
647 4368 702 4426 171,
717 4364 908 4427 αθ-Ρὸιοιιθεοε,
924 4365 1061 4429 Barbarus,
1078 4368 1221 4418 Critobulus
1238 4371 1264 4418 et
1281 4366 1415 4428 Ριιναυίυο,
1430 4368 1492 4418 onte
1512 4367 1612 4418 narium
1633 4370 1885 4433 importuniorem,

281 4434 489 4500 chaioooondyias
502 4449 570 4498 vero,
587 4450 613 4501 p.
630 4438 745 4499 ati-³89,
766 4440 795 4487 nt
806 4437 947 4491 Leonardne
956 4474 963 4497 ,
973 4441 1035 4502 post
1048 4451 1102 4489 earn
1113 4439 1240 4489 collocant.

312 4506 415 4569 §troie
421 4505 604 4571 μηχανοποιούς]
610 4506 907 4561 secundumbeonarrinm
916 4520 940 4571 p.
946 4511 992 4559 323
1000 4510 1060 4563 tuno
1071 4522 1168 4571 quoquo
1176 4522 1220 4559 rex
1232 4521 1306 4573 opero
1314 4507 1708 4573 armariornaninnngrri,qu1a
1720 4509 1886 4563 Constantino

281 4577 313 4628 ad
330 4578 507 4628 nroonametom
520 4578 649 4629 transierat
667 4581 693 4629 ei
704 4577 857 4643 adrianopoli
870 4591 984 4642 magnam
996 4578 1067 4629 istam
1078 4578 1236 4629 bombardam
1247 4579 1351 4639 fuderat,
1366 4577 1438 4640 onina
1455 4578 1591 4643 rumpentia
1602 4579 1721 4643 fragmine
1736 4581 1886 4634 interiectus

281 4661 335 4699 eane
349 4662 364 4699 a
375 4649 553 4700 recentioribus
558 4648 986 4714 iriatoricisperhibetnr‚qnamqnarn
996 4662 1026 4700 ea
1038 4650 1102 4699 sarna
1116 4663 1164 4700 non
1175 4651 1262 4701 nititur
1273 4651 1319 4700 nisi
1328 4650 1389 4700 frisa
1399 4651 1510 4701 versione
1519 4650 1594 4700 iatina
1604 4650 1738 4702 vernorum
1751 4653 1883 4704 Phronire

282 4732 307 4783 p.
318 4722 364 4771 131)
381 4719 442 4784 (rid.
463 4723 515 4771 not.
531 4720 563 4770 ad
584 4733 637 4784 cap.
656 4724 704 4782 19).
717 4722 853 4783 capitanii
867 4723 970 4784 iiapoe,
981 4720 1123 4771 Leonardno
1145 4719 1237 4783 inquii,
1255 4721 1314 4771 odio
1334 4733 1458 4771 αοεενιευε
1480 4723 1510 4771 in
1523 4732 1619 4782 τιαυτε,
1634 4733 1668 4771 er
1689 4722 1759 4772 ooiie
1783 4725 1885 4775 natm

282 4792 407 4844 orientali
421 4796 502 4856 pinpo
514 4793 557 4842 vei
574 4805 619 4843 εαε
635 4791 770 4856 lapidibus
786 4791 976 4843 arretinorum
997 4788 1108 4841 οὸετιονσ
1124 4790 1167 4841 rei
1178 4804 1196 4841 a
1208 4794 1305 4842 reione
1323 4791 1456 4855 repellere.
1470 4793 1608 4856 Dispositis
1626 4792 1718 4856 itaque
1735 4796 1763 4843 et
1778 4808 1815 4846 επ
1827 4798 1886 4858 ripn

282 4860 442 4916 occiderint
448 4862 789 4925 nomiarois,rorooiiomoi
799 4864 919 4913 acritate
930 4858 1039 4926 artifieio
1044 4859 1307 4925 κακουχούμενοι...
1317 4863 1411 4925 itaque
1423 4861 1536 4927 artifex,
1545 4864 1589 4912 eri
1598 4864 1714 4925 ρνουναο
1724 4868 1828 4928 nepeta
1834 4864 1891 4930 Μ

283 4944 316 4981 σα
327 4934 437 4995 ουσιαι,
453 4934 489 4984 ari
506 4934 617 4985 Terrcror
628 4934 751 4984 reduetus
764 4936 864 4999 quanio
870 4935 974 4998 inperio
985 4933 1085 4998 potnit,
1098 4944 1180 4982 τιονοε
1191 4931 1313 4996 [reopere
1324 4930 1437 4982 striduit.
1452 4932 1463 4996 n
1477 4962 1504 4970 -
1515 4932 1531 4996 §
1544 4939 1567 4983 1.
1580 4935 1740 4998 παραλλάξασι
1750 4936 1783 4999 τὸγ
1793 4933 1885 5000 σχῆμα]

283 5005 311 5052 in
328 5004 438 5069 margine
452 5003 600 5055 odaenffitor
614 5007 789 5069 μεταματίσασι
809 5004 942 5068 (debebatr
958 5003 1199 5068 μετασχηματίσασι).
1209 5003 1221 5067 ΙΙ
1235 5031 1261 5041 -
1282 5006 1393 5066 σταθμοῖς
1405 5004 1525 5069 πρότερον]
1542 5022 1581 5071 πρ.
1596 5003 1622 5053 in
1632 5006 1743 5070 margine
1755 5007 1882 5061 additum.

285 5072 366 5129 ceteri
380 5074 512 5138 scriptores
526 5087 617 5124 nornrn
631 5075 774 5126 bombardoe
782 5088 860 5141 genno
868 5074 1084 5125 tunciahricatunr
1096 5078 1172 5137 atque
1180 5072 1319 5124 adhibitum
1331 5086 1386 5125 eoae
1399 5088 1448 5124 non
1456 5077 1656 5125 oommernorant.
1669 5077 1752 5127 Unam
1768 5091 1802 5128 ex
1814 5077 1885 5127 born·

285 5139 369 5196 battis
376 5142 425 5193 iiiia
439 5143 535 5211 lapidei
545 5143 636 5209 jecisse
643 5150 689 5195 1ου
699 5145 817 5196 librarum
829 5144 890 5195 dicit
900 5145 1022 5195 iiarbnrnr
1030 5157 1055 5209 p.
1065 5149 1105 5194 85.
1116 5146 1233 5195 ceterum
1246 5142 1277 5194 de
1288 5144 1413 5194 mortariis
1426 5158 1442 5194 a
1453 5139 1603 5197 iieohemete
1611 5145 1719 5196 inrontie
1731 5145 1798 5198 dicit
1811 5147 1891 5199 etiarn

284 5209 490 5276 cinoooonnyrro
500 5227 526 5278 p.
539 5217 595 5277 414,
609 5213 655 5264 nbi
672 5214 704 5265 (ie
725 5215 877 5266 Noroberdae
896 5214 1022 5265 obsidione
1034 5216 1084 5280 (an.
1102 5214 1171 5278 iiiii)
1184 5226 1265 5265 nermo
1279 5217 1318 5266 eet
1334 5214 1498 5279 ιἘτολιόρκιι
1510 5217 1552 5275 τὴν
1566 5217 1634 5267 πόλιν
1645 5217 1780 5275 mittitur
1794 5219 1890 5274 υπτίοις

285 5279 376 5343 βάλλων
390 5281 421 5332 τά
436 5283 500 5340 ἀντὸς
511 5289 553 5344 τῆς
570 5283 675 5342 πόλεως·
687 5284 794 5351 ἀξιύρητο
811 5286 837 5337 it
854 5289 889 5350 τῷ
912 5287 1007 5349 βασιλεῖ
1020 5289 1035 5344 ἡ
1048 5290 1095 5335 τῶν
1107 5285 1239 5345 τηλιθὸλων
1258 5285 1345 5335 ὑπτίων
1358 5287 1501 5348 κατασκευή,
1515 5286 1563 5338 etc.
1578 5350 1582 5359 .
