3906 6034
268 464 308 524 80
687 459 889 522 CRITOBULI
909 458 1177 522 HiSTORlARUM
1196 460 1269 520 LiB.
1291 461 1316 533 1,
1338 462 1444 523 32-36.

266 593 366 671 ματαία
388 591 509 664 δαπάνη,
530 594 583 650 τῶν
604 594 731 672 μηχανῶν
745 590 776 650 τθ
792 599 845 650 πᾶν
865 613 1036 671 κατεργασα-

265 704 360 756 μενων.

303 770 427 831 xxxli.
454 765 500 827 Ἐν
517 767 571 848 όσῳ
586 765 712 826 δὲταῦτα
736 765 851 845 ἐγίνετο,
872 771 887 826 δ
911 766 1035 846 βασιλεὺς

263 855 405 917 ’ἀναλαύών
420 878 493 922 τινας
506 860 559 915 τῶν
573 853 672 923 τάξεων
689 855 734 914 καί
751 854 799 929 τήν
818 854 957 933 βασιλικήν
975 856 1035 925 ῖλην

264 954 352 1004 πᾶσαν
360 988 369 1016 ,
383 942 426 1023 ᾔει
442 941 486 1001 ivd
506 941 596 1013 τὸτοῦ
610 941 760 1021 Θεραπιίου
774 941 911 1023 φρούριον,
926 942 1034 1021 ἐρυμνό-

264 1055 340 1092 τατον
359 1032 447 1103 πάνυ,
466 1030 512 1089 καλ
535 1030 679 1101 ἐπιστήσας
701 1029 823 1109 μηχανὰς
845 1028 981 1091 κατέσεισέ
1006 1052 1036 1088 τε

264 1122 311 1180 καῖ
324 1119 465 1199 κατέρριψε
479 1117 572 1177 τούτου
584 1117 613 1177 τό
624 1119 716 1179 πλέον·
732 1118 778 1177 καί
790 1121 843 1177 τῶν
855 1119 927 1185 ἐντδς
942 1119 1035 1176 πολλοὶ

266 1209 394 1267 ἀπίθανον
408 1210 462 1272 τοῖς
475 1205 528 1265 ἀπὸ
538 1209 590 1265 τῶν
610 1208 737 1284 μηχανῶν
757 1205 852 1279 λίθοις,
872 1209 897 1265 οί
914 1206 943 1264 δὲ
963 1228 1036 1285 περι-

264 1293 409 1374 λειφθέντες
428 1296 480 1351 τῶν
501 1295 618 1372 φρουρῶν
635 1294 666 1351 ού
684 1291 824 1365 δυνάμενοι
836 1291 953 1372 ἀντέχειν
978 1292 1034 1361 ἐτι,

265 1380 472 1460 προσεχώρησαν
494 1378 621 1458 ὁμολογίᾳ
636 1379 788 1459 χρήσασθαι
800 1380 885 1447 αθτοῖς
906 1380 960 1438 ότι
975 1380 1036 1458 βού-

265 1471 351 1529 λοιτο·
363 1473 377 1527 θ
387 1466 414 1526 δὲ
425 1466 612 1527 ἀνεσκολόπισε
623 1468 728 1534 τούτους
741 1467 938 1548 τεσσαράκοντα
949 1468 1035 1533 όντας.

266 1559 298 1634 (ε)
316 1560 443 1618 Κάκεῖθεν
456 1556 496 1634 ἐφ’
512 1553 601 1634 ἕτερον
612 1554 655 1634 ᾔει
666 1555 789 1636 φρούριον
801 1556 927 1615 Σπουδίου
944 1554 1038 1613 καλού·

266 1664 356 1715 μενον,
368 1644 413 1702 καὶ
429 1642 494 1701 αὐτὸ
509 1642 668 1710 κατασείσας
681 1646 740 1708 ταῖς
751 1646 885 1722 μηχαναῖς
895 1643 941 1701 καί
953 1666 1037 1701 κατα·

267 1730 357 1789 όαλὼν
384 1728 532 1803 αὐθημερὸν
557 1730 759 1808 παρεστήσατο,
784 1731 829 1790 καλ
849 1729 908 1798 τοῦς
940 1731 1038 1809 ἄνδρας

265 1816 483 1888 ἀνεσκολόπισεν,
506 1816 613 1894 ἀγαγὼν
626 1819 700 1898 παρίι
716 1818 746 1876 τὸ
760 1827 845 1898 τεῖχος
858 1823 905 1890 τῆς
919 1819 1021 1887 πόλεως
1026 1864 1036 1894 ,

265 1906 308 1964 ίνα
323 1903 356 1977 δελ
368 1914 525 1985 καταφανεῖς
538 1897 600 1966 εἷεν.

312 1995 449 2054 xxxm.
469 1993 547 2054 Κατθ
560 1993 587 2053 δέ
602 1993 649 2060 τάς
663 1993 742 2060 αιἰτέις
757 1994 858 2074 ἡμέρας
871 1991 917 2051 καὶ
932 1991 1039 2052 Παλτύ-

267 2084 333 2160 γλης
345 2086 360 2140 δ
372 2086 417 2139 τοῦ
428 2081 521 2141 στολου
535 2081 641 2161 ἡγεμών
654 2079 702 2149 τάς
717 2083 764 2161 μὲν
782 2080 889 2147 πλείους
907 2082 959 2138 τῶν
974 2083 1037 2138 νεῶν

268 2173 346 2229 αὐτοῦ
358 2168 497 2228 κατέλιπεν
512 2171 633 2249 ἐφορμεῖν
643 2173 681 2249 τῷ
690 2170 803 2244 στόματι
815 2174 861 2227 τοῦ
874 2166 979 2245 λιμένος
989 2169 1035 2226 καὶ

268 2260 301 2336 τῇ
316 2256 424 2329 ἁλύσει,
447 2262 493 2316 τοῦ
509 2257 546 2329 μή
557 2281 584 2316 τι
598 2259 717 2318 ἐσπλέιιν
731 2257 748 2327 ἢ
764 2256 901 2329 ἐκπλέειν,
920 2254 998 2322 αὐτὸς
1011 2255 1038 2314 δέ

268 2342 408 2403 ἀναλαόιλιν
423 2343 468 2412 τὰς
480 2344 589 2415 λοιπάς,
603 2344 774 2411 κελεύσαντος
786 2341 924 2424 βασιλέως,
935 2344 1041 2402 ἐπιπλεῖ

269 2437 302 2513 τῇ
322 2432 462 2513 Πριγιιίπῳ
476 2430 563 2511 νήσῳ·
576 2423 609 2504 ήν
630 2432 653 2493 δ’
668 2435 722 2493 ἐκεῖ
740 2432 860 2512 φρούριον
874 2430 1039 2513 ἀαφαλέστα·

269 2541 328 2592 τον,
341 2519 459 2598 φυλακήν
473 2519 533 2599 ίχον
546 2519 618 2587 ἐντός
635 2520 732 2599 ἀνδρας
744 2517 946 2601 καταφράκτους
959 2517 1037 2596 τριά-

268 2630 358 2679 κοντα,
373 2607 434 2666 ἀνευ
449 2608 567 2685 μέντοιγε
579 2612 630 2668 τῶν
645 2607 797 2686 οἰκητόρων.
839 2606 873 2686 (2]
889 2610 1040 2683 Περισταυ-

268 2693 354 2772 ρώσας
371 2685 416 2753 σύν
433 2694 497 2753 αιἰτδ
512 2696 557 2755 καί
574 2695 697 2775 μηχανάς
710 2693 888 2775 προσαγαγών
902 2696 940 2771 τῷ
957 2691 1039 2772 τείχει

268 2782 402 2842 κατέσεισε
423 2781 471 2858 μέν
485 2807 511 2843 τι
530 2783 607 2863 μέρος
620 2782 711 2844 τούτου
725 2782 770 2843 καῖ
786 2782 941 2862 κατέρριψε,
957 2804 1039 2860 προσ-

270 2868 360 2930 ύαλὼν
381 2871 408 2930 δὲ
432 2870 478 2930 καί
494 2874 624 2953 πειράσας
642 2872 734 2951 τρόπῳ
750 2870 829 2931 παντί
853 2873 901 2930 οὐκ
921 2869 1038 2942 ἠδυνήθη

268 2959 339 3036 ὅμως
360 2961 442 3018 ἑλεῖν·
463 2958 536 3027 τέλος
561 2958 648 3028 ἔδοξεν
669 2963 741 3041 αὐτῷ
761 2964 815 3040 πῦρ
840 2961 978 3037 ἐπαφεῖναι
1000 2959 1038 3037 τῷ

270 3047 383 3127 φρουρίῳ
406 3046 451 3106 καί
471 3058 596 3129 πειρᾶσαι
611 3051 634 3108 εἰ
649 3047 767 3120 δύναιτο,
781 3046 928 3124 πνεύματος
949 3045 1039 3125 ἐπιφό·

273 3157 318 3212 ρον
342 3133 541 3212 ἐπιγενομένου,
564 3134 724 3217 καταφλέξαι
751 3134 824 3196 αὐτό.
868 3138 902 3212 (ε)
930 3135 1038 3194 Κελεύει

268 3221 352 3281 τοίνυν
366 3223 493 3302 φακέλους
508 3222 571 3293 ῦλης
586 3224 756 3294 παντοδαπῆς
769 3221 897 3298 καλάμων
909 3222 955 3281 καῖ
975 3224 1039 3292 κλη·

272 3309 386 3383 ματίδων
401 3308 446 3368 καῖ
459 3309 560 3389 χόρτων
574 3309 620 3368 καὶ
634 3309 721 3368 ἀλλων
735 3309 888 3387 εθπρήστων
911 3308 951 3366 ότι
967 3310 1039 3367 πλεί-

269 3394 1040 3478 στουςεήνταχίστηννήσανταςέπιφορεῖνκαλπαραθάλλειν

269 3486 307 3563 τῷ
320 3480 414 3561 τείχει.
431 3481 486 3542 Καί
499 3482 591 3543 τούτου
609 3483 725 3562 τάχιστα
743 3482 877 3561 γεγονότος
891 3482 935 3541 διδ
955 3485 1037 3540 πολυ-

268 3569 370 3649 χειρίαν
388 3570 494 3639 καὶτῆς
509 3569 573 3642 θλης
585 3573 610 3637 ές
621 3572 685 3651 ὕψος
698 3569 833 3651 ἀρθείσης,
850 3577 902 3652 πῦρ
925 3570 1037 3635 ἐπιόάλ-

268 3661 343 3717 λουσι
367 3657 449 3736 ταύτῃ
464 3657 507 3727 ξύν
529 3657 589 3739 θείῳ
613 3658 658 3716 καὶ
680 3658 763 3738 πίσσιγ·Ι
785 3659 939 3738 ἐνάψαντος.
959 3657 994 3718 Ἡ
1017 3660 1039 3717 δ’

269 3745 342 3813 εὐθὺς
362 3745 511 3826 δραξαμένη
526 3750 615 3807 τετοῦ
635 3746 732 3824 πυρὸς,
752 3745 799 3805 καλ
817 3746 963 3821 πνεύματος
983 3749 1041 3805 ἐπι-

1090 591 1169 674 φόρου
1184 596 1301 671 τυχοῦσα
1314 591 1444 663 τοσαύτην
1455 591 1560 663 ἐποίησε
1577 593 1662 672 φλόγα
1675 594 1721 652 καί
1738 600 1857 655 τοσοῦτον

1089 679 1157 759 ἤρθη
1167 681 1311 758 μετέωρος,
1324 682 1359 747 ώς
1373 681 1418 739 καί
1432 684 1486 739 τῶν
1504 679 1638 749 ἐπάλξεων
1653 684 1739 741 αὐτῶν
1758 687 1850 763 ὑπερα-

1090 763 1202 837 ναόῆναι
1217 767 1263 824 καί
1280 767 1305 833 ἐς
1323 765 1358 824 oi
1384 767 1438 825 ἐσω
1458 771 1505 825 τοῦ
1522 767 1645 847 φρουρίου
1665 774 1791 848 χεθῆναι,
1814 774 1857 831 καὶ

1089 852 1251 933 καταφλέξαι
1259 853 1372 921 πολλοὺς
1383 859 1434 913 τῶν
1457 857 1584 934 ἐναῦτῷ,
1607 859 1708 932 μᾶλλον
1727 857 1756 916 δέ
1772 858 1858 937 ὀλίγου

1089 941 1179 1014 ἐδέησε
1198 942 1298 1009 πάντας
1322 944 1467 1024 διαφθεῖραι
1485 943 1543 1010 τοὺς
1568 943 1652 1005 ἔνδον.
1703 948 1737 1023 (ε)
1764 946 1858 1024 Ὀμωι

1088 1052 1119 1107 γε
1135 1028 1190 1104 μὴν
1210 1032 1234 1088 οῖ
1249 1031 1468 1111 περιλειφθέντες,
1488 1031 1561 1107 μόλις
1582 1032 1626 1091 καὶ
1647 1034 1716 1110 μετὰ
1739 1036 1858 1094 κινδύνου

1089 1119 1186 1178 πολλοῦ
1204 1118 1356 1196 διαδράντες
1375 1119 1406 1177 τὸ
1425 1124 1486 1198 πῦρ,
1500 1119 1708 1201 προσεχώρησαν
1731 1124 1804 1203 αὐτῷ
1817 1122 1860 1182 καὶ

1090 1205 1151 1264 άνευ
1167 1206 1321 1283 ὁμολογίας·
1336 1205 1379 1273 οῦς
1390 1206 1436 1265 καλ
1447 1205 1536 1265 λαύών
1552 1208 1737 1287 αἰχμαλώτους
1750 1210 1861 1284 πάντας,

1088 1293 1147 1358 τοῦς
1166 1291 1214 1369 μέν
1228 1290 1367 1372 οἰκήτορας
1381 1294 1510 1370 ἀπέδοτο,
1528 1294 1587 1361 τοὺς
1599 1294 1628 1353 δὲ
1645 1298 1860 1379 περιλειφθέντας

1088 1382 1140 1438 τῶν
1154 1382 1273 1460 φρουρῶν
1290 1380 1435 1443 ἀπέκτεινε.
1455 1381 1508 1439 Καί
1521 1387 1605 1441 ταῦτα
1621 1382 1669 1458 μέν
1682 1384 1781 1465 ταύτῃ.

1131 1467 1266 1528 xxxiv.
1288 1466 1421 1546 Ῥωμαῖοι
1442 1468 1470 1527 δί
1488 1471 1533 1528 καί
1549 1469 1704 1548 Ἰουστῖνος,
1723 1473 1755 1532 τδ
1777 1485 1863 1554 τεῖχος

1090 1557 1200 1632 δρῶντες
1213 1552 1296 1621 οθτως
1312 1557 1425 1634 ἰσχυρῶς
1441 1556 1493 1616 θπὸ
1505 1562 1558 1617 τῶν
1573 1562 1703 1637 μηχανῶν
1721 1564 1861 1623 κατασειό·

1091 1664 1166 1716 μενον
1176 1642 1221 1701 καλ
1243 1641 1428 1721 ῥιπτούμενον,
1442 1643 1473 1702 τό
1482 1667 1513 1702 τε
1522 1645 1592 1712 ἐντὸς
1606 1645 1676 1704 τότε
1691 1648 1774 1722 ἐκτὸς,
1783 1654 1857 1729 πρῶ-

1090 1750 1134 1786 τον
1148 1728 1196 1804 μὲν
1205 1728 1294 1796 δοκούς
1301 1729 1418 1807 μεγάλας
1426 1730 1578 1800 ἐξάπτοντες
1585 1732 1683 1791 άνωθεν
1694 1740 1739 1793 τοῦ
1751 1736 1862 1815 τείχους,

1091 1815 1137 1874 καί
1152 1815 1262 1895 βρόχους
1275 1815 1430 1895 ἐξαρτῶντες
1440 1816 1486 1876 καί
1502 1819 1601 1883 σάκτας
1617 1818 1715 1893 μεστὰς
1727 1821 1806 1898 ἐρίων
1818 1823 1863 1883 καί

1092 1901 1160 1960 ἄλλα
1173 1907 1281 1961 τοιαῦτα
1295 1902 1502 1984 περιθάλλοντες
1515 1904 1631 1963 ἀνέκλων
1642 1909 1678 1973 ώς
1690 1907 1801 1968 δυνατὸν
1815 1910 1863 1983 τήν

1091 1989 1171 2071 φοράν
1186 1992 1238 2048 τῶν
1249 1989 1327 2049 λίθων
1342 1990 1388 2050 κοιλ
1401 1989 1575 2061 έξεκαύλιζον.
1622 1992 1658 2071 (e)
1669 1992 1720 2061 Ὦς
1737 1997 1765 2056 δί
1780 2004 1865 2057 ταῦτα

1094 2076 1179 2158 βραχύ
1203 2077 1249 2137 καὶ
1270 2076 1341 2137 οὐδὲν
1363 2078 1380 2137 ό
1396 2100 1422 2136 τι
1436 2076 1481 2137 καλ
1500 2078 1578 2155 λόγου
1596 2079 1667 2149 ἀξιον
1688 2081 1785 2160 ἤνυεν,
1797 2086 1865 2145 ἀλλά

1091 2167 1179 2226 πάντα
1195 2166 1318 2244 διελίκμα
1333 2167 1378 2225 καὶ
1400 2168 1562 2237 διεσκέδαζεν
1581 2174 1598 2240 ἡ
1619 2173 1743 2248 μηχανὴ,
1764 2174 1812 2232 καὶ
1836 2176 1866 2232 τὸ

1092 2264 1178 2336 τεῖχος
1195 2256 1366 2336 κατέρριπτεν
1383 2256 1448 2334 (ἤδη
1468 2255 1520 2336 γὰρ
1539 2256 1606 2315 πολύ
1620 2281 1646 2315 τι
1660 2260 1797 2319 κατέπεσε
1819 2268 1866 2320 τοῦ

1093 2348 1188 2422 μικροῦ
1201 2343 1317 2423 τείχους,
1332 2341 1399 2403 ἀλλά
1414 2343 1441 2401 δέ
1455 2342 1501 2403 καλ
1517 2350 1563 2403 τοῦ
1575 2344 1689 2422 μεγάλου
1708 2345 1754 2405 δύο
1767 2346 1866 2427 πύργοι

1092 2431 1138 2491 καί
1157 2430 1368 2511 μεταπύργιον),
1394 2431 1458 2489 ἄλλο
1480 2454 1505 2488 τι
1529 2434 1668 2492 ἐπινοοῦσι·
1687 2433 1794 2513 κεραίας
1813 2460 1862 2512 με·

1092 2519 1175 2597 γάλας
1199 2517 1375 2595 ἐπαγαγόντες
1392 2517 1572 2598 ἀπεσταύρουν
1585 2519 1655 2577 κατὰ
1666 2518 1700 2578 τά
1710 2543 1865 2601 παρερρηγ·

1095 2606 1160 2682 μένα
1173 2609 1220 2663 τοῦ
1230 2604 1347 2684 τείχους,
1358 2605 1428 2682 λέγω
1442 2604 1468 2663 δὲ
1476 2609 1521 2664 τοῦ
1535 2604 1620 2679 ἐκτὸς,
1632 2605 1777 2675 ξυνδέοντες
1785 2610 1869 2677 αύτάς

1093 2697 1221 2775 ἰσχυρῶς·
1251 2692 1296 2751 καὶ
1329 2691 1394 2766 ῦλην
1416 2691 1524 2760 ταύταις
1559 2692 1701 2776 ἐπεφόρουν
1736 2702 1868 2758 παντοίαν

1092 2781 1169 2839 λίθοιν
1185 2779 1230 2839 καλ
1251 2777 1346 2852 ξύλων,
1369 2778 1497 2859 φακέλους
1511 2803 1539 2838 τε
1555 2780 1658 2860 χόρτων
1679 2785 1866 2844 παντοδαπῶν

1092 2869 1136 2929 καί
1147 2868 1315 2945 κληματίδων
1328 2868 1374 2927 καὶ
1386 2869 1513 2945 καλάμων
1524 2868 1570 2927 καί
1581 2869 1667 2929 ἀλλων
1682 2873 1787 2930 πολλῶν
1800 2875 1869 2946 μετέι

1092 2960 1178 3030 πηλοῦ
1199 2956 1369 3034 μεμιγμένων
1396 2956 1528 3035 φορμηδθν
1558 2956 1727 3030 ξυντιθέντες,
1751 2960 1799 3017 καὶ
1834 2961 1865 3020 τὸ

1094 3044 1238 3126 σταύρωμα
1256 3046 1282 3110 ἐς
1297 3043 1361 3125 θψος
1380 3038 1508 3124 αἴροντες.
1552 3044 1587 3124 (θ)
1602 3045 1827 3126 Προκαλύμματα
1848 3049 1870 3108 δ’
1942 3066 1943 3069 ’

1093 3127 1160 3206 ήσαν
1175 3138 1208 3214 τῇ
1222 3156 1251 3191 τε
1270 3131 1321 3212 ύλη
1334 3131 1381 3191 καλ
1400 3136 1439 3211 τῷ
1459 3130 1629 3211 σταυρώματι
1650 3134 1748 3212 δέρρεις
1764 3137 1812 3195 καὶ
1833 3140 1870 3197 δι·

1093 3219 1200 3298 φθέραι,
1213 3223 1260 3279 τοῦ
1271 3216 1309 3294 μὴ
1323 3217 1465 3298 πυρφόροις
1476 3219 1571 3285 ὀϊστοῖς
1580 3220 1826 3298 βλάπτεσθαε.Ἐτι
1842 3224 1870 3284 δέ

1097 3310 1179 3387 χῶμα
1199 3305 1267 3383 μίγα
1289 3304 1366 3385 ἐχουν
1380 3306 1433 3366 ἀπὸ
1446 3310 1500 3365 τῶν
1518 3307 1590 3374 ἐντθς
1605 3309 1744 3368 ἀντίπαλοι
1764 3310 1873 3379 τούτοις

1093 3399 1230 3503 προσεχῶς
1245 3390 1365 3473 βοήθειάν
1380 3399 1462 3475 τιτῷ
1483 3395 1654 3474 σταυρώματι
1669 3397 1714 3457 καῖ
1728 3398 1787 3456 ἀντὶ
1812 3400 1869 3459 τεί·

1093 3506 1155 3562 χους
1167 3505 1247 3555 ειναι,
1262 3482 1318 3560 ἅμα
1331 3481 1372 3555 δέ,
1390 3480 1433 3541 ίνα
1447 3482 1521 3542 καὶὸ
1541 3482 1610 3552 λίθος
1627 3485 1695 3561 μετθι
1717 3484 1775 3564 βίας
1787 3489 1871 3566 φερό-

1095 3592 1171 3646 μενος
1184 3569 1404 3649 καταχωννύηται
1424 3571 1548 3651 μαλθακῇ
1564 3571 1609 3629 καῖ
1625 3572 1734 3652 εὐείκτῳ
1753 3575 1873 3652 προσπί·

1094 3680 1167 3715 πτων
1181 3660 1218 3737 τῇ
1231 3662 1266 3737 γῇ
1279 3656 1325 3716 καλ
1339 3655 1376 3733 μὴ
1393 3655 1540 3725 ἀντιτύποις
1557 3660 1602 3718 καὶ
1616 3661 1738 3738 σκληροῖς
1750 3685 1874 3742 προσπε·

1094 3746 1182 3812 λάζων
1208 3743 1280 3825 ῥῆξιν
1306 3746 1458 3822 ἐργάζηται.
1511 3748 1546 3824 (ε)
1575 3746 1685 3807 Ἐπάνοι
1709 3748 1737 3807 δέ
1765 3757 1817 3811 τοῦ
1844 3775 1873 3810 τε

272 3914 397 3963 ίιιιιῖσιιίυε
408 3913 440 3964 εί)
452 3913 580 3978 oppidanis
591 3913 704 3963 deiectus
716 3913 823 3964 estiiaii
835 3913 927 3963 mensis
941 3913 980 3962 die
994 3915 1065 3971 xv1,
1077 3912 1166 3963 deinde
1180 3911 1222 3961 eiii
1236 3912 1325 3962 diebus
1343 3915 1393 3961 xii.
1409 3915 1495 3962 xxiv.
1511 3915 1586 3975 xxv,
1601 3917 1629 3964 ui
1649 3915 1764 3979 pluribus
1797 3933 1876 3970 ειεειε

269 3985 391 4033 Βετίιιιιιιε
404 3999 429 4048 ρ.
444 3987 485 4047 io,
502 3988 541 4035 ii.

301 4056 399 4105 mill.
415 4059 477 4114 Quae
491 4070 545 4119 cap.
558 4060 589 4105 22
603 4059 629 4105 εί
639 4060 669 4106 23
682 4055 713 4106 de
725 4055 884 4109 iieohemeiis
897 4060 922 4106 et
931 4054 1047 4120 Palioghs
1056 4053 1241 4105 excursionibus
1251 4056 1391 4113 narrantur,
1404 4053 1504 4104 aliunde
1515 4067 1563 4104 ιιοιι
1572 4055 1693 4107 novimus.
1707 4060 1761 4107 sec.
1773 4060 1875 4111 Βεεη..

270 4136 326 4174 rom
334 4139 360 4187 p.
380 4131 409 4174 22
433 4126 519 4175 classis
531 4129 667 4176 Turcorom
682 4126 714 4175 od
734 4125 927 4190 Dipioneionium
942 4127 1000 4177 inde
1016 4125 1049 4176 ab
1067 4125 1157 4190 Aprilis
1174 4124 1215 4175 die
1225 4124 1373 4175 duodecimo
1386 4124 1410 4173 in
1419 4124 1515 4175 enooris
1533 4129 1602 4174 stans
1617 4126 1726 4187 quietem
1741 4129 1812 4194 egit,
1825 4131 1875 4181 nisi

270 4194 333 4244 ίοτίε
345 4196 415 4245 novis
428 4198 542 4260 quedam
554 4197 610 4247 inde
623 4198 654 4247 ad
669 4198 797 4252 castelium
809 4212 900 4249 novum
916 4199 956 4248 vei
966 4198 992 4248 in
1007 4211 1077 4248 οιειιι
1091 4196 1225 4247 Asiaticam
1240 4210 1295 4246 sese
1309 4196 1422 4247 οοιιίιιίίί.
1432 4199 1489 4254 Quo
1499 4200 1610 4260 tempore
1623 4201 1693 4260 gesta
1705 4199 1756 4250 sini
1777 4216 1839 4265 qum
1859 4214 1875 4251 ε

270 4264 398 4316 critobulo
418 4281 441 4318 o.
456 4272 486 4318 22
502 4273 528 4319 εί
546 4273 576 4319 23
592 4273 732 4332 uariantur,
748 4270 841 4320 eortius
860 4271 959 4334 quidem
971 4270 1020 4320 dioi
1033 4270 1132 4332 nequit,
1144 4282 1223 4332 quum
1236 4269 1262 4318 in
1275 4282 1330 4331 sqq.
1346 4267 1456 4318 ordinem
1478 4281 1561 4318 rerum
1574 4268 1774 4332 chronologicum
1786 4274 1875 4338 nogie-

268 4340 337 4384 ctum
353 4335 494 4398 videamus3
507 4338 631 4401 probabile
644 4341 727 4389 tomen
738 4342 776 4389 est
788 4352 804 4388 ε
816 4339 924 4403 Peltogie
940 4353 980 4388 res
990 4342 1073 4402 gestes
1082 4351 1136 4388 esse
1153 4342 1210 4387 ente
1220 4350 1325 4401 pugnem
1336 4335 1456 4397 navalem,
1468 4350 1544 4399 quom
1557 4337 1632 4387 Turoi
1644 4338 1734 4402 Aprilis
1746 4341 1792 4393 die
1802 4344 1874 4394 vioe-

269 4412 332 4462 simo
351 4425 409 4462 oum
429 4413 599 4464 Genueosibus
617 4414 793 4466 commiserunt
805 4415 845 4479 (v.
867 4414 960 4466 critob.
977 4429 1032 4480 cop.
1052 4414 1114 4477 42),
1131 4414 1292 4465 Meehemetis
1309 4427 1370 4464 vero
1385 4414 1562 4477 expeditionem
1581 4419 1720 4477 susceptam
1736 4430 1796 4470 esse
1817 4426 1876 4473 εηῑι

269 4481 360 4544 Aprilis
372 4480 438 4531 diem
454 4481 678 4533 duodevioesimum
688 4484 731 4548 (v.
748 4498 803 4547 οερ.
816 4488 869 4543 25].
889 4484 900 4548 Ι]
917 4517 945 4528 -
959 4482 1105 4547 Θεραπείου]
1119 4484 1237 4547 θεραπεία
1251 4496 1326 4546 supra
1344 4482 1436 4547 scripio
1447 4501 1491 4543 ου,
1503 4482 1566 4533 odeo
1579 4486 1608 4532 ιιί
1619 4497 1708 4533 nomen
1727 4485 1779 4537 ioci
1799 4491 1877 4544 suerii

267 4553 295 4601 τὸ
314 4555 456 4615 Θεραπιίονς
472 4553 544 4603 hodie
557 4554 675 4617 θεραπεία
688 4557 803 4610 vocetur:
817 4556 944 4617 θεραπεῖαι
958 4554 1024 4616 opud
1042 4555 1170 4604 Socratem
1186 4553 1251 4602 liist.
1263 4553 1330 4603 licei.
1346 4556 1370 4613 7,
1384 4560 1422 4604 25.
1435 4554 1500 4604 oiim
1519 4554 1660 4617 Φαρμακιία
1673 4557 1698 4603 σί
1716 4558 1876 4620 Φαρμακείας

268 4621 364 4677 κόλπος.
379 4619 436 4670 Vid.
450 4622 550 4684 Dionys.
566 4624 622 4685 Byz.
634 4623 659 4672 in
673 4625 764 4686 Geogr.
777 4624 837 4673 Min.
857 4626 876 4673 t.
897 4630 920 4683 2,
934 4637 960 4686 p.
976 4629 1015 4673 50.

300 4691 316 4755 ψ
336 4698 359 4741 2,
379 4692 495 4755 Φρούριον
507 4694 631 4757 Σπουδίου]
646 4694 781 4744 Castellum
794 4693 876 4744 siudii
891 4693 991 4744 ubinam
1010 4694 1085 4743 merit
1098 4693 1189 4755 neseio.
1201 4695 1238 4743 De
1251 4693 1399 4743 monasterio
1412 4691 1505 4755 studii,
1525 4692 1593 4756 quod
1605 4693 1825 4760 Constantinopoli
1845 4700 1877 4750 εο

269 4764 367 4824 portam
376 4764 482 4811 :iuream
493 4765 554 4823 eret,
568 4776 592 4813 v.
607 4764 695 4813 Giiiius
707 4765 812 4828 Topogr.
827 4765 912 4813 const.
924 4763 967 4813 lib.
979 4766 1004 4826 ί,
1019 4776 1041 4811 o.
1054 4766 1078 4812 9.
1093 4761 1234 4825 ὓιισειηςῖιιε
1247 4764 1333 4811 consi.
1352 4761 1439 4811 chrisi.
1452 4761 1494 4811 lib.
1510 4764 1526 4812 4
1543 4776 1568 4825 p.
1591 4765 1645 4811 102.
1661 4761 1715 4825 ]-
1731 4768 1775 4815 καί
1796 4785 1877 4818 ιιατα·

269 4830 362 4895 >eso-1]
377 4829 489 4882 additum
503 4846 578 4883 manu
587 4847 636 4883 see.

300 4904 413 4953 xxxin.
427 4900 443 4965 θ
456 4910 478 4952 2.
491 4902 703 4969 Περτσταυρώσας]
715 4904 751 4954 sio
764 4917 849 4967 mergo
860 4903 897 4968 (ei
909 4904 987 4954 Thuo.
998 4910 1022 4966 2,
1032 4908 1071 4963 75,
1085 4903 1123 4966 2),
1138 4905 1294 4968 πολιορκήσας
1307 4906 1369 4954 iext.
1382 4903 1393 4967 Ι]
1405 4902 1702 4967 -ίπιφύρου1εάεῖῖίεεειι
1714 4906 1740 4955 in
1751 4909 1875 4974 margine.
1941 4900 1943 4911 ⁴

270 4971 385 5022 ceterum
401 4973 542 5024 conseretur
552 4974 704 5037 Thucydidis
717 4980 750 5035 (2,
765 4977 852 5037 75-77)
872 4974 903 5024 de
917 4975 1067 5026 Plataearum
1086 4973 1213 5025 obsidione
1235 4975 1358 5038 narratio,
1374 4988 1405 5025 ex
1424 4987 1474 5037 que
1489 4974 1607 5024 nonnulla
1622 4975 1776 5028 verbotenus
1789 4980 1818 5030 in
1830 4993 1877 5031 suo

269 5041 396 5092 ίιειιείιιίὶί
408 5043 560 5095 Critobulus.

291 5111 470 5186 ’ΧΧΧίίίθμ
486 5111 627 5177 Ἰουστίνος]
646 5113 708 5164 Dei).
725 5113 901 5170 Ἰουστινεανός.
926 5114 1040 5178 11-92.
1061 5113 1160 5179 μικροῦ]
1177 5115 1195 5165 i.
1212 5127 1235 5164 e.
1257 5114 1383 5171 τοῦέκτὸς.
1403 5112 1415 5177 ψ]
1438 5140 1470 5152 -
1489 5115 1599 5179 ταυταις]
1616 5113 1749 5167 addinan
1766 5124 1790 5168 2.
1816 5120 1829 5181 1]
1847 5149 1874 5163 -

269 5192 359 5240 χορτων
372 5180 543 5244 παντοδαπῶν]
559 5184 595 5231 sio
607 5195 708 5245 margo,
720 5190 797 5246 φυτῶν
810 5186 903 5233 toxius.
921 5184 932 5246 Ι]
944 5209 977 5220 -
988 5183 1149 5248 μεμιγμένων]
1161 5183 1198 5233 sic
1209 5197 1275 5233 man.
1290 5190 1314 5244 2,
1331 5184 1485 5247 μεμιγμένους
1496 5195 1562 5232 man.
1576 5188 1598 5233 ί.
1612 5184 1623 5247 ΙΙ
1640 5210 1669 5220 -
1685 5185 1701 5248 §
1713 5189 1728 5235 3
1739 5193 1769 5251 τῇ
1779 5205 1809 5238 τε
1816 5188 1880 5253 oio]

269 5262 295 5295 τε
308 5258 382 5295 τιταίνει
395 5249 538 5299 2εειίιίὶίειιιι.
555 5250 565 5313 Ι]
577 5278 607 5287 -
616 5252 702 5316 χῶμα]
712 5258 767 5315 ῶμει
779 5252 844 5314 (sic)
859 5252 914 5302 cod.
932 5252 942 5316 ΙΙ
954 5282 983 5295 -
1002 5252 1142 5318 φερόμενος]
1154 5252 1269 5318 εἰσριιμο,
1281 5252 1404 5317 ἐρχόμενος
1417 5254 1479 5303 text.
1498 5251 1509 5315 Ι]
1519 5280 1550 5289 -
1565 5256 1781 5320 καταχωννύηται]
1798 5276 1878 5309 κατα·

270 5314 391 5378 χώννυται
408 5317 463 5365 cod.
478 5321 488 5381 ι]
501 5344 533 5355 -
544 5321 581 5369 De
592 5321 659 5369 reci.
669 5322 825 5380 Poseuiusi,
837 5326 882 5373 29⁶
897 5341 903 5371 ε
