3890 6044
332 505 387 567 bn
409 502 603 565 CODlClBL'S
624 502 871 565 SCORlALENSl
890 503 938 562 ET
957 501 1420 563 CONSTANTlNOPOLl'l'ANO.
1641 517 1679 561 xv

115 640 288 699 chartaceus
302 650 370 710 est,
383 657 449 699 saec.
461 635 537 708 xvi,
550 637 656 712 longus
668 638 840 695 centimetra
854 656 904 708 aa,
915 636 991 695 latus
1005 635 1174 694 centimetra
1189 636 1242 707 153
1260 634 1341 694 loliis
1356 646 1468 693 constat
1482 633 1558 706 3063
1575 633 1606 691 in
1618 633 1681 692 sin·

87 737 152 814 gulis
169 735 289 815 paginis
303 754 412 793 versus
431 735 479 800 34.
495 732 646 811 Scriptura
660 732 731 791 satis
745 733 850 791 nitida.
871 732 986 808 Singuli
1002 732 1142 799 loliorum
1160 733 1308 808 fasciculi,
1323 732 1393 810 qui,
1409 731 1504 790 soluta
1518 729 1682 789 voluminis

86 834 262 912 mmpagine,
279 831 366 891 nullo
374 830 435 908 jam
451 830 570 888 vinculo
585 829 769 900 coercentui,
783 847 842 885 non
857 825 970 903 ubique
992 839 1062 884 sunt
1078 826 1287 903 quaterniones
1306 825 1449 901 legitimi,
1469 823 1521 883 sed
1544 824 1681 883 loliorum

9 962 11 981 ι
86 948 199 988 numero
211 928 339 987 variant.
359 925 527 985 Fasciculus
540 925 654 1004 primus
671 925 742 983 solla
754 922 843 982 babet
857 943 928 1000 sex,
943 922 1074 982 decimus
1098 922 1214 994 decem,
1236 921 1367 980 decimus
1391 921 1531 999 mptimus
1554 933 1680 999 septem,

9 1020 11 1075 l
88 1025 234 1084 vicesimus
253 1042 312 1084 sex.
337 1023 371 1084 ln
392 1023 532 1082 vicesimo
551 1022 649 1101 primo
672 1021 737 1085 sive
761 1019 866 1077 ultimo
891 1018 1007 1097 priores
1025 1017 1138 1096 paginas
1157 1030 1297 1096 quattuor
1310 1016 1487 1096 scripturam
1506 1017 1681 1087 ostendunt,

92 1118 206 1196 relique
218 1137 312 1176 raeuae
331 1131 411 1177 sunt.
425 1118 460 1177 ln
474 1117 589 1177 decimo
607 1119 646 1195 (p.
665 1117 810 1194 rap-148)
827 1114 923 1174 media
937 1115 1008 1174 lolia
1024 1127 1161 1193 quattuor
1171 1116 1211 1193 (p.
1231 1114 1372 1193 rib-142)
1383 1115 1492 1192 scripta
1507 1126 1575 1172 sunt
1589 1113 1684 1173 literis

98 1215 181 1273 multo
192 1213 346 1289 majoribus
363 1234 451 1293 quam
464 1227 571 1276 cetera.
588 1215 714 1276 Videtur
722 1212 768 1273 ibi
781 1213 895 1291 aliquid
909 1214 1052 1272 omissum
1075 1214 1180 1284 luisse,
1198 1211 1282 1288 cujus
1302 1210 1460 1289 supplendi
1476 1229 1563 1269 causa
1578 1209 1686 1269 mediis

102 1312 282 1389 quaternionis
297 1312 379 1371 soliis
393 1312 509 1372 duobus
520 1311 677 1371 substituta
690 1324 758 1371 sunt
773 1311 844 1370 lolia
858 1323 997 1386 quattuor
1002 1333 1011 1383 ;
1031 1332 1121 1389 quum
1134 1330 1206 1370 vero
1221 1312 1398 1369 omissorum
1421 1312 1508 1388 copia
1528 1328 1587 1367 non
1607 1320 1687 1368 taeta

97 1408 288 1480 assecutae
306 1421 389 1467 sueto
407 1407 557 1467 scribendi
578 1427 685 1485 genere
695 1407 814 1488 impleri
836 1420 972 1487 possent,
984 1407 1192 1484 grandioribus
1208 1407 1302 1466 literis
1317 1405 1415 1466 scriba
1426 1425 1498 1466 usus
1512 1419 1572 1481 est,
1584 1424 1685 1482 quam·
1715 1430 1721 1437 ·

10 1560 11 1569 ,
97 1522 175 1582 qoam
188 1504 230 1562 rel
244 1505 287 1563 sic
305 1504 412 1563 accidit
423 1517 456 1562 ut
470 1504 580 1562 ultimae
592 1505 707 1583 paginae
721 1503 801 1583 (lla)
816 1524 885 1583 pars
900 1505 1039 1563 manserit
1052 1523 1153 1564 vacua.
1170 1505 1202 1565 ln
1218 1505 1314 1583 primo
1329 1523 1380 1563 sex
1399 1502 1537 1562 loliorum
1548 1502 1687 1561 fasciculo

10 1584 11 1615 ³
96 1602 199 1677 pagine
215 1609 261 1668 ι-Ι.
277 1613 305 1660 et
321 1621 411 1658 ro-ra
426 1600 572 1679 scriptura
593 1613 714 1673 vacant3
727 1602 759 1659 in
772 1602 890 1680 paginis
903 1603 954 1678 5·9
969 1602 1079 1677 legitur
1091 1601 1235 1679 epistola,
1252 1619 1310 1678 qua
1329 1599 1501 1660 Critobulus
1516 1598 1688 1658 blechemeti

99 1697 201 1756 sultano
217 1715 289 1776 opus
307 1716 394 1757 suum
416 1697 577 1757 dedicavit.
600 1696 635 1755 ln
653 1698 784 1773 margine
806 1699 940 1777 quinque
966 1697 1139 1756 centimetra
1162 1698 1220 1755 lata
1246 1696 1340 1754 colore
1363 1695 1455 1755 rubro
1479 1694 1688 1755 adscribuntur

101 1794 267 1870 singulorum
283 1795 412 1874 capitum
430 1806 618 1870 argumenta,
633 1814 699 1871 quae
711 1808 833 1853 enotare
846 1815 905 1853 non
921 1806 984 1854 erat
995 1813 1093 1873 operae
1104 1795 1232 1872 pretium
1245 1816 1255 1866 ;
1271 1794 1370 1869 magni
1382 1813 1454 1854 vero
1468 1793 1609 1852 momenti
1620 1806 1689 1852 sunt

102 1908 158 1966 qne
178 1889 280 1949 ibidem
300 1902 463 1949 atramento
486 1891 595 1968 scripta
620 1889 768 1965 leguntur.
787 1892 855 1950 llaec
873 1893 951 1950 enim
977 1910 1013 1948 ex
1034 1890 1094 1950 alio
1115 1889 1217 1949 codice
1241 1891 1359 1968 aliaque
1383 1890 1480 1970 operis
1503 1890 1687 1962 recensione,

15 1976 22 2057 ζ
103 2005 176 2062 qoam
185 1987 212 2045 in
220 1986 387 2046 exhibendo
400 1985 560 2045 uerborum
579 2006 741 2063 graecorum
762 1998 901 2046 contextu
915 1987 1009 2046 secuti
1024 2005 1126 2046 sumus
1136 2029 1145 2058 ,
1155 1986 1362 2046 addidamenta
1376 2007 1428 2047 seu
1439 1987 1686 2066 supplementa(')

107 2082 201 2141 alueis
212 2103 298 2162 quam
308 2083 446 2162 plurimis
459 2083 558 2143 varias
571 2083 710 2141 lectiones
720 2081 919 2161 suppeditant.
933 2081 1072 2141 Nostrum
1087 2081 1217 2141 codicem
1233 2085 1441 2161 transcriptum
1456 2102 1521 2143 esse
1534 2102 1572 2142 ex
1584 2082 1688 2142 codice

111 2176 200 2238 lacaois
212 2180 332 2253 mutilo,
350 2181 478 2258 primum
491 2180 640 2255 colligitur
654 2199 691 2238 ex
704 2180 760 2239 lib.
781 2201 809 2252 1,
825 2201 852 2240 c.
869 2180 899 2251 5,
914 2200 929 2252 7
945 2199 976 2258 p.
993 2180 1043 2258 58,
1057 2178 1109 2238 ubi
1125 2193 1191 2259 post
1206 2178 1298 2239 rerba
1311 2178 1481 2259 διατιθεμένῳ
1496 2178 1523 2238 dl
1535 2182 1582 2238 τοῦ
1595 2179 1690 2238 oratio

115 2271 276 2354 domitur.
291 2276 503 2336 Desiderantur
517 2296 620 2335 versus
634 2288 771 2354 quattuor
782 2278 829 2335 vel
841 2277 984 2354 quinque.
1001 2275 1107 2335 Scriba
1117 2279 1250 2335 lacunam
1260 2278 1508 2351 animadvertens,
1519 2276 1571 2335 sed
1583 2289 1692 2354 quanta

9 2408 10 2429 2
112 2370 216 2431 decem
237 2374 372 2445 nescius,
388 2374 478 2433 unius
492 2373 553 2432 fere
568 2393 670 2434 versus
684 2374 811 2452 spatium
832 2392 958 2432 vacuum
977 2373 1115 2451 reliquit3
1128 2374 1184 2432 hoc
1204 2373 1310 2432 deiude
1327 2374 1384 2433 alia
1401 2392 1504 2433 manus
1519 2374 1650 2451 explevit
1662 2385 1692 2432 et

108 2466 216 2544 reliqua,
229 2489 294 2547 quar
307 2469 455 2528 contineri
475 2488 511 2529 eo
525 2488 584 2527 non
601 2482 758 2548 poterant,
774 2469 811 2527 ad
826 2470 989 2546 marginem
1003 2470 1131 2548 scripsit.
1152 2470 1219 2528 Alia
1232 2470 1338 2530 lacuna
1355 2469 1431 2528 liber
1445 2469 1591 2529 secundus
1609 2468 1691 2529 labo·

9 2640 10 2651 *
107 2575 154 2623 rat.
174 2565 277 2624 litenim
297 2586 389 2644 quum
414 2586 469 2646 per
494 2578 588 2625 totum
612 2567 759 2645 reliquum
775 2586 851 2645 opus
874 2565 942 2625 finis
958 2566 1144 2642 singulorum
1156 2585 1301 2624 annorum
1325 2568 1472 2645 expressis
1485 2565 1585 2625 verbis
1606 2587 1690 2626 more

106 2656 273 2738 Thucydideo
291 2677 548 2738 commemoretur,
563 2665 594 2723 in
610 2664 713 2722 codice
731 2675 834 2722 nostro
853 2662 1037 2722 desideratur
1056 2663 1170 2721 mentio
1194 2666 1263 2721 anni
1284 2664 1376 2739 6962,
1394 2663 1468 2721 adeo
1489 2675 1521 2723 ut
1540 2663 1620 2722 libro
1644 2684 1689 2723 se·

105 2756 271 2836 cundo,quc
290 2778 337 2818 res
359 2771 500 2837 quattuor
511 2780 654 2820 annorum
678 2773 846 2833 narrantur,
860 2773 918 2819 tres
931 2772 1044 2819 tantum
1067 2758 1138 2818 anni
1154 2759 1366 2837 comprehendi
1380 2759 1536 2821 videantur
1555 2758 1602 2836 (v,
1622 2770 1685 2817 not.

108 2848 143 2905 ad
157 2871 185 2923 a,
195 2873 217 2913 c.
230 2875 242 2912 1
257 2876 286 2933 p.
307 2856 389 2933 105).
405 2855 442 2913 Et
454 2855 516 2915 haec
531 2858 652 2934 quidem
670 2858 776 2916 lacuna
790 2877 881 2935 quum
897 2857 979 2915 nulla
997 2855 1139 2931 marginis
1161 2869 1231 2914 nota
1254 2856 1412 2927 indicetur,
1427 2856 1514 2914 etiam
1533 2856 1573 2914 'in
1596 2856 1690 2913 altera

110 2947 198 3022 operis
208 2953 366 3012 recensione
384 2953 532 3013 exstitisse
547 2954 640 3013 debet.
654 2954 719 3013 Jam
745 2955 875 3033 repperit
888 2974 950 3012 eam
964 2967 1068 3012 auctor
1083 2954 1248 3028 argumenti
1263 2953 1340 3013 libro
1360 2953 1490 3011 secundo
1510 2953 1642 3032 praefixi,
1660 2964 1692 3010 ut

109 3057 146 3098 ex
163 3044 248 3105 verbis
261 3047 356 3130 χρόνον
373 3049 473 3120 πλῆθος
491 3048 537 3120 ἔτη
551 3048 612 3128 τρία
628 3049 787 3126 colligitur.
811 3049 917 3109 Eadem
937 3068 1025 3109 causa
1040 3049 1095 3107 luit
1112 3068 1165 3107 cur
1179 3050 1211 3107 in
1226 3068 1292 3126 sqq.
1309 3049 1388 3124 regis
1408 3068 1501 3107 annus
1519 3049 1641 3126 quintus
1658 3049 1690 3107 in

104 3152 238 3215 quanam,
252 3159 352 3205 sextus
364 3145 397 3204 in
413 3146 549 3224 quintum
561 3160 590 3205 et
604 3147 647 3206 sic
662 3168 752 3226 porro
764 3147 909 3220 abierint,
924 3148 976 3224 qui
993 3164 1110 3204 errores
1123 3145 1231 3204 deinde
1245 3144 1292 3204 vel
1309 3145 1346 3203 ad
1358 3147 1519 3222 marginem
1531 3146 1579 3204 vel
1599 3148 1629 3205 in
1644 3167 1691 3205 ra·

103 3237 173 3295 suris
184 3242 303 3300 correcti
317 3255 398 3302 sunt

137 3331 215 3402 Quod
228 3337 382 3415 epistolam
398 3337 548 3398 Critobuli
561 3339 678 3412 attinet,
696 3341 777 3400 aliud
792 3341 856 3419 ejus
870 3340 1020 3418 exemplar
1032 3337 1070 3397 ab
1090 3358 1126 3396 eo
1146 3339 1226 3416 quod
1248 3339 1342 3399 codex
1360 3352 1460 3400 noster
1482 3340 1571 3400 babet
1595 3341 1692 3400 diver·

102 3447 160 3488 sum
182 3433 422 3495 Tiscbeudorfius
443 3436 536 3494 edidit
553 3439 585 3494 in
600 3440 715 3494 Neritia*
721 3441 850 3496 editionis
863 3440 965 3494 codicis
977 3439 1135 3495 Bibliurum
1148 3439 1279 3495 Sinaitict'
1290 3438 1375 3517 (Lips.
1397 3440 1480 3517 1860)
1499 3460 1528 3518 p.
1553 3442 1620 3513 123,
1639 3439 1689 3499 ubi

140 3651 151 3675 ·
168 3626 297 3706 Denique
319 3630 419 3688 missis
439 3630 470 3689 in
487 3651 618 3709 presens
631 3631 712 3704 aliis,
725 3631 762 3690 de
777 3630 920 3690 historico
933 3629 1066 3689 breviter
1076 3629 1226 3702 dicamus,
1243 3631 1326 3709 cujus
1341 3632 1422 3709 quod
1443 3632 1532 3690 sciam
1548 3651 1602 3690 nec
1615 3651 1691 3709 opus

99 3741 261 3784 mnomen
277 3727 417 3785 innotuit.
433 3726 499 3797 Quo
512 3728 592 3786 enim
607 3741 740 3806 tempore
759 3726 947 3786 Muhamedes
968 3726 997 3784 ll
1013 3729 1115 3786 orbem
1140 3738 1282 3785 terrarum
1301 3729 1396 3804 gloria
1421 3729 1549 3786 nominis
1571 3729 1617 3786 sui
1636 3731 1691 3784 im·

98 3818 206 3895 plebat,
219 3823 295 3880 inter
316 3822 474 3881 monachos
492 3843 603 3899 graecos
624 3825 732 3882 montis
754 3823 823 3880 athi
842 3823 979 3882 inventus
998 3836 1041 3882 est
1061 3825 1112 3902 qui
1131 3823 1284 3882 historiam
1312 3844 1410 3883 rerum
1430 3823 1467 3882 ab
1490 3843 1524 3883 eo
1544 3836 1689 3901 gestarum

99 3916 297 3977 conscriberet.
322 3917 525 3996 conscriptam
544 3919 710 3979 ttuhamedi
735 3920 833 3993 misit,
847 3920 919 3978 libri
942 3939 1094 3979 censuram
1116 3934 1298 3998 exspectans.
1319 3919 1375 3979 Cui
1399 3922 1610 3999 exspectationi
1634 3922 1691 3981 etsi

97 4010 161 4069 latet
177 4011 323 4089 morando
340 4015 521 4075 satisfactum
537 4018 590 4087 sit,
607 4029 702 4075 tamen
722 4017 787 4094 ipse
801 4015 879 4074 liber
894 4037 953 4075 non
975 4017 1074 4094 periit.
1088 4019 1262 4095 Nuperrime
1281 4018 1360 4075 enim
1376 4016 1407 4075 in
1423 4018 1487 4095 ipsa
1505 4036 1540 4074 ea
1553 4017 1646 4092 urbe,
1658 4020 1690 4077 in

96 4126 149 4184 qua
162 4108 345 4169 blulramedes
359 4111 457 4169 sedem
474 4113 642 4189 constituit,
666 4114 789 4189 contigit
803 4126 834 4171 ut
849 4113 880 4171 in
902 4133 1006 4172 manus
1021 4132 1100 4172 meas
1121 4114 1263 4172 incideret
1281 4114 1374 4172 codex
1385 4114 1416 4173 in
1438 4133 1498 4191 quo
1511 4113 1692 4173 Mubamedis

96 4219 235 4279 resgestae
247 4226 264 4264 a
277 4204 436 4265 Critobulo
456 4209 599 4267 monaclro
620 4210 792 4286 conscriptae
814 4209 959 4284 leguntur.
983 4209 1138 4269 Historiam
1160 4211 1229 4269 satis
1250 4209 1372 4270 verbose
1391 4212 1529 4289 scriptam
1554 4211 1692 4290 precedit

96 4303 230 4377 epistula,
243 4303 322 4361 unde
338 4304 492 4381 scriptoris
504 4306 613 4383 pariter
625 4320 712 4384 atque
726 4304 797 4364 libri
811 4309 887 4363 ratio
902 4310 1097 4382 cognoscitur.
1113 4308 1205 4377 Quam
1219 4328 1307 4386 quum
1329 4309 1428 4367 lavore
1448 4309 1606 4368 Alexandri
1629 4308 1687 4368 Lo-

93 4394 193 4456 hanon¹
214 4401 379 4478 principis,
394 4401 456 4457 viri
477 4401 735 4478 intelligentissimi
750 4403 960 4480 literarumque
979 4405 1188 4478 amantissimi,
1205 4419 1305 4464 nactus
1323 4406 1395 4479 sim,
1415 4405 1490 4465 viris
1513 4405 1608 4464 doctis
1625 4404 1690 4483 ejus

93 4490 202 4569 legendi
217 4497 330 4574 copiam
349 4496 465 4556 faciam.
482 4522 494 4547 r

127 4589 162 4648 ln
174 4590 221 4650 bis
231 4594 311 4652 istud
325 4593 363 4652 de
379 4592 533 4653 Critobulo
550 4596 691 4654 monacho
707 4596 801 4655 dtboo
822 4611 1017 4657 commentum
1039 4598 1183 4678 ejusmodi
1200 4614 1244 4659 est
1262 4614 1294 4659 ut
1307 4601 1334 4659 T
1335 4599 1547 4660 ischendorfius
1563 4613 1689 4660 autnon

92 4686 196 4745 vidisse
212 4689 343 4748 codicem
366 4702 434 4762 aut,
451 4691 476 4749 si
493 4691 615 4765 viderit,
629 4712 666 4751 ne
686 4694 781 4771 prima
801 4692 919 4770 quidem
938 4694 1002 4773 ejus
1020 4695 1110 4754 rerba
1133 4695 1237 4771 legisse
1259 4697 1404 4756 rideatur.
1426 4695 1556 4773 Epistola
1578 4710 1691 4770 autem,

93 4802 173 4859 quam
187 4786 234 4843 rel
250 4785 336 4864 cujus
354 4785 507 4867 ἀπόγραφόν
521 4786 559 4847 Τ.
577 4788 673 4848 lavore
689 4789 849 4849 Alexandri
864 4789 1023 4863 lobannis,
1037 4794 1088 4870 qui
1108 4807 1176 4852 tunc
1192 4793 1378 4872 imperatoris
1400 4793 1559 4852 llossorum
1580 4793 1691 4869 legatus

93 4875 343 4962 Cousundnopoli
365 4882 549 4959 versabatur,
566 4887 691 4964 accepit,
705 4906 774 4945 num
789 4887 859 4944 olim
883 4889 915 4946 in
935 4888 1035 4947 codice
1056 4902 1174 4961 nostro,
1195 4890 1277 4964 cujus
1299 4890 1499 4968 compaginem
1519 4888 1689 4949 dissolutam

92 4980 279 5051 essemonui,
290 4979 379 5057 juxta
394 4978 513 5038 alteram
533 4981 610 5039 illam
626 4983 788 5053 exstiterit,
801 5002 837 5040 an
855 5002 892 5042 ex
912 4984 971 5042 alio
991 4985 1118 5062 (quodam
1135 4985 1281 5045 Critobuli
1297 4986 1396 5044 codice
1413 4985 1564 5063 depromta
1586 4987 1642 5059 sit,
1659 4987 1690 5045 in

93 5072 188 5131 medio
204 5076 278 5134 milri
293 5076 522 5154 relinquendum
536 5091 589 5138 est.
606 5078 752 5139 Nonnulla
766 5099 831 5158 quae
842 5081 873 5138 in
887 5095 987 5141 nostro
1001 5083 1102 5142 codice
1114 5084 1150 5142 ad
1165 5084 1323 5159 marginem
1339 5093 1476 5140 notantur
1490 5081 1533 5161 (ut
1544 5084 1562 5160 s
1573 5092 1588 5152 l,
1600 5082 1690 5142 verba

93 5231 1687 5261 w·

122 5328 154 5392 Γ)
166 5330 1073 5402 xre.r.c.nor.u2,ra,r.a‚a.4,r‚r.t‚s,i.r‚10‚r.5,o,r.
