3906 6034
719 739 1380 897 CRITOBULUS

601 1046 669 1122 DE
696 1044 856 1123 REBUS
883 1042 1060 1122 Gestis
1088 1039 1417 1119 MECHEMETlS
1444 1040 1493 1117 ll.

617 1297 688 1343 rnna
708 1297 747 1340 aa
769 1294 846 1341 auno
868 1281 941 1340 1151
964 1294 1058 1347 usone
1079 1293 1241 1339 aninumr
1264 1279 1338 1338 1161
1360 1293 1388 1367 a.
1411 1292 1480 1337 cun.

902 1447 1182 1476 ψ·-

857 1597 1234 1672 ARGUMENTUM.

381 1804 587 1867 herodoti
608 1799 869 1864 DEblGlTOth

434 1956 477 2005 an
491 1951 707 2002 accusatorem
722 1949 838 1999 uncam.

286 2087 401 2145 Omnium
413 2100 497 2149 regum
506 2086 647 2149 ducumque
657 2086 699 2149 qui
713 2100 820 2149 unquam
830 2084 976 2145 exstiterim,
986 2086 1024 2134 Tu

254 2189 332 2241 mum
351 2175 422 2239 longe
440 2173 562 2223 maxirnus
583 2174 631 2236 sis,
645 2174 714 2223 nelas
735 2174 797 2223 toret
815 2175 924 2223 duarum
942 2186 1024 2223 rerum

256 2261 397 2313 memoriam
409 2274 458 2310 non
468 2259 597 2324 propagari
607 2259 684 2309 literis
692 2260 787 2321 graecis.
819 2262 906 2322 ltaque
921 2259 968 2307 boc
979 2271 1024 2320 ego

255 2349 376 2400 scribendi
391 2348 514 2413 negotium
531 2347 636 2411 suscepi.
668 2347 762 2397 Arabes
773 2360 803 2396 ac
819 2349 900 2397 Persic
913 2345 1023 2396 fortassis

253 2436 394 2487 accuratius
404 2450 444 2487 res
456 2439 522 2487 Tuas
536 2435 647 2498 tradent,
661 2440 687 2485 at
699 2434 772 2485 nullis
791 2435 826 2485 illi
845 2434 955 2485 scribent
975 2434 1022 2483 nisi

256 2524 336 2575 Persis
347 2527 373 2575 et
391 2524 524 2585 trabibus,
536 2524 596 2573 dum
616 2537 702 2587 graecu
720 2523 808 2587 linguae
830 2537 891 2572 usus
904 2522 1022 2572 latissime

254 2625 298 2677 per
310 2612 394 2662 orbem
406 2616 527 2663 terrarum
540 2614 614 2675 patet.
646 2612 708 2676 Ipsis
719 2611 822 2674 quidem
830 2610 905 2660 rebus
919 2623 964 2673 ego
976 2623 1024 2658 non

257 2699 368 2761 intertui,
379 2702 406 2750 at
417 2702 492 2749 testes
505 2712 589 2749 earum
606 2699 666 2749 bene
678 2712 767 2763 gnaros
779 2697 907 2762 diligenter
919 2710 1023 2760 percon-

255 2790 322 2838 tatus
335 2802 399 2838 sum.
413 2792 433 2837 Α
447 2787 514 2852 regni
524 2788 571 2837 Tul
581 2787 649 2837 iuiilo
668 2800 771 2837 exorsus
783 2785 852 2836 libris
861 2785 967 2848 quinque
984 2798 1024 2834 res

254 2879 334 2941 getas
353 2889 472 2926 annorum
489 2875 661 2939 septemdecim
682 2875 792 2939 exposui.
825 2873 938 2923 Continet
949 2872 1023 2937 igitur

254 2976 317 3028 opns
328 2963 492 3013 renationem
508 2962 539 3011 de
555 2959 775 3025 Constantinopolis
787 2959 979 3025 expugnatione,
993 2959 1025 3010 de

254 3052 376 3103 deditione
388 3052 444 3101 AEni
460 3053 486 3101 et
497 3050 609 3099 Phocaea
620 3050 701 3112 deque
714 3048 783 3099 hellis
794 3053 879 3098 contra
890 3048 1023 3109 Tribunos,

255 3139 449 3203 Peloponnesios,
459 3138 611 3201 sirmienses,
625 3135 806 3200 Trapezuntios,
820 3137 903 3196 Getas,
914 3135 1025 3195 Lesbios,

257 3226 371 3285 llosmos,
386 3224 623 3286 Praenestinam,
638 3226 757 3271 Venetos.
784 3224 906 3271 Praeterea
926 3221 979 3271 dixi
994 3222 1025 3271 de

256 3312 372 3375 operibns
383 3310 590 3374 constantinopoli
607 3313 681 3372 atque
694 3309 753 3360 abbi
764 3310 909 3363 exstructis.
919 3322 965 3359 nec
978 3324 1025 3358 non

256 3397 378 3447 orationes
393 3397 464 3446 retuli
475 3410 537 3459 quas
548 3400 586 3445 Tu
599 3396 707 3446 habuisti
716 3397 831 3460 egregias.
864 3395 958 3454 Quodsi
970 3410 1027 3461 ope-

257 3498 310 3535 ram
321 3498 401 3535 meam
412 3484 566 3548 probaveris,
581 3483 748 3546 gratissimum
759 3484 820 3533 mihi
832 3484 892 3547 erit,
904 3487 931 3535 et
942 3484 975 3535 ad
988 3497 1027 3537 re-

256 3572 324 3637 liqua
334 3586 391 3635 quie
404 3574 471 3622 Deus
486 3570 633 3636 perficienda
652 3570 708 3620 'sibi
728 3570 797 3621 dabit
816 3571 951 3621 enarranda
968 3586 1025 3622 cnm

257 3660 345 3724 gaudio
354 3658 522 3722 accedam5sln
530 3659 620 3721 minus,
630 3657 735 3707 adorans
744 3661 778 3708 Te
789 3659 876 3708 tacebo
891 3659 1026 3723 cedamqm

258 3748 408 3801 melioribus.

494 4010 612 4069 LlBER
633 4010 786 4072 PRIMUS.

527 4161 755 4212 rmaouucmo.

290 4300 312 4342 1.
329 4291 482 4353 critobulus,
493 4296 596 4344 Graecus
607 4294 746 4356 insulanus,
758 4292 931 4345 lmbriotarum
942 4296 1028 4358 praalo-

258 4386 329 4444 ctus,
349 4381 404 4431 hec
427 4381 539 4445 scripsit,
555 4385 584 4431 nt
604 4396 644 4431 res
665 4383 782 4446 praeclare
800 4385 876 4446 geste
892 4382 1028 4446 posteritati

257 4469 455 4530 traderentur,ac
464 4468 827 4520 monumentumerstaretviris
834 4468 937 4519 istarum
944 4482 1027 4518 rerum

258 4557 407 4608 auctoribus.
440 4557 531 4607 Priscae
543 4557 668 4608 memorie
690 4571 744 4617 res,
758 4557 815 4607 licet
837 4556 887 4606 sint
900 4556 1026 4617 maxime,

258 4641 290 4691 ob
303 4643 404 4693 nimiam
420 4645 568 4692 vetustatem
581 4646 606 4691 et
618 4637 693 4691 tidem
703 4640 805 4692 dubiam
820 4641 901 4691 minus
910 4641 963 4705 jam
977 4641 1028 4706 pla·

258 4734 327 4793 cent,
340 4732 365 4780 et
376 4729 408 4780 ad
419 4729 557 4779 satietatem
568 4742 647 4792 usque
663 4728 773 4793 repetitae
793 4742 909 4779 nauseam
926 4732 1026 4789 creant,

258 4820 367 4867 recentes
386 4830 444 4866 vcro
464 4819 489 4867 et
510 4819 574 4867 notra
594 4820 719 4881 certaque
741 4819 809 4866 tanto
830 4815 917 4879 majori
938 4816 1027 4879 plausu

259 4905 413 4969 excipiuntur
424 4919 473 4969 quo
484 4909 541 4956 sunt
554 4904 704 4970 insigniores.
737 4905 792 4954 Jam
805 4917 864 4954 vero
875 4902 991 4953 maximae
1004 4907 1030 4953 et

259 4995 415 5047 admirabiles
427 5010 528 5061 prorsus
544 5000 628 5047 nostro
638 5011 693 5047 evo
709 4999 783 5060 gestae
799 4999 872 5055 sunt3
882 5007 940 5044 nam
960 4992 1027 5043 brevi

260 5086 376 5147 temporis
387 5088 466 5151 spatio
476 5087 559 5152 ingens
569 5087 661 5137 corruit
670 5086 799 5151 imperium
807 5088 833 5135 et
841 5096 938 5134 summa
946 5096 1029 5132 rerum

260 5170 367 5221 obtinuit
388 5174 522 5225 conversio.
555 5177 592 5225 De
614 5174 653 5223 bis
672 5187 717 5237 ego
737 5173 852 5222 acenmle
872 5184 902 5221 ac
921 5169 1030 5234 personis

261 5256 460 5322 temporibusque
471 5261 652 5311 accommodate
664 5260 745 5311 dicere
757 5259 865 5311 tentabo.

1108 1805 1131 1849 2.
1146 1796 1255 1847 Priorem
1274 1798 1412 1845 'lurcorum
1428 1793 1555 1845 historiam
1572 1808 1637 1845 nunc
1648 1795 1749 1844 missam
1770 1795 1854 1856 tacio,

1076 1898 1153 1948 quum
1161 1883 1278 1948 peculiari
1284 1895 1356 1947 opere
1364 1882 1511 1944 demorare
1518 1883 1670 1946 propositum
1679 1884 1857 1946 sit3qnamris

1076 1973 1140 2022 enirn
1151 1971 1223 2021 mulli
1231 1972 1278 2020 hoc
1284 1973 1453 2034 argumentum
1459 1970 1510 2032 jam
1516 1972 1684 2032 tractaverim,
1691 1971 1758 2020 lraud
1766 1975 1857 2022 tamen

1076 2059 1222 2110 satisfecisse
1231 2057 1326 2108 muneri
1336 2071 1382 2107 sno
1390 2058 1452 2107 mihi
1460 2056 1583 2107 videntur.
1617 2060 1645 2108 ln
1658 2059 1854 2122 presentiarum

1076 2150 1144 2197 totus
1157 2146 1275 2196 versabor
1286 2146 1311 2195 in
1324 2144 1452 2195 narrandis
1460 2145 1534 2208 gestis
1545 2145 1718 2207 illechemctis,
1728 2147 1795 2211 regis
1808 2161 1853 2199 ee-

1076 2233 1209 2285 leherrimi.

1108 2325 1131 2371 3.
1151 2322 1266 2372 Getarum
1278 2333 1309 2371 ne
1321 2320 1377 2383 quis
1392 2321 1452 2370 mibi
1470 2320 1566 2370 crimini
1585 2324 1680 2383 vertat,
1692 2323 1760 2385 quod
1771 2323 1858 2385 gentis

1076 2422 1137 2460 meae
1158 2409 1309 2459 calamitates
1330 2408 1438 2459 scribere
1459 2409 1626 2459 sustinuerim.
1657 2412 1739 2472 Longe
1761 2411 1856 2462 absum
1925 2452 1934 2467 .

1078 2500 1106 2545 ut
1116 2495 1227 2546 dolendis
1235 2497 1323 2547 nostris
1336 2496 1474 2545 intortuniis
1487 2496 1605 2547 insultare
1618 2497 1705 2559 velim,
1717 2497 1783 2548 idcm
1795 2513 1858 2551 vero

1076 2582 1137 2631 satis
1152 2581 1210 2630 novi
1225 2594 1307 2632 rerum
1322 2581 1485 2631 humanarum
1506 2582 1693 2633 inconstantiam
1703 2588 1729 2633 el
1743 2584 1858 2636 imbecil-

1077 2667 1184 2728 litatem,
1201 2670 1229 2718 ut
1239 2670 1330 2719 nostra
1340 2669 1418 2732 gentis
1434 2669 1539 2719 rationes
1552 2668 1584 2718 ab
1598 2682 1628 2720 ea
1648 2685 1695 2721 non
1709 2672 1857 2723 eximendus

1078 2769 1132 2806 esse
1142 2756 1281 2819 intelligam.
1313 2757 1374 2807 inde
1381 2757 1412 2807 ab
1419 2757 1505 2808 ultima
1514 2757 1640 2808 hominnm
1650 2760 1769 2810 memoria
1777 2762 1859 2812 sortis

1076 2843 1221 2895 instabilitas
1236 2858 1360 2895 summum
1373 2845 1503 2909 imperium
1521 2858 1537 2894 a
1554 2850 1625 2907 gente
1643 2846 1676 2896 ad
1693 2851 1808 2911 gentem,
1822 2849 1858 2899 ab

1077 2932 1182 2996 Assyriis
1190 2932 1223 2982 ad
1232 2933 1330 2994 lledos,
1340 2933 1398 2982 binc
1409 2933 1440 2982 ad
1453 2935 1540 2983 Persas
1551 2937 1577 2983 et
1585 2938 1685 2986 Graecos
1694 2938 1719 2985 et
1729 2938 1858 2987 Romanos

1077 3020 1217 3081 transtulit3
1236 3020 1302 3070 baud
1322 3019 1412 3070 mirum
1434 3019 1509 3083 igitur
1530 3020 1595 3070 idem
1616 3036 1682 3072 nuuc
1701 3037 1716 3072 a
1735 3026 1859 3076 Romanis

1078 3104 1203 3154 transiisse
1215 3104 1247 3153 ad
1263 3104 1337 3163 alios3
1356 3117 1435 3166 neque
1452 3104 1573 3168 culpanda
1589 3119 1647 3168 gens
1664 3108 1702 3155 est
1721 3112 1859 3170 propterea

1078 3190 1146 3253 quod
1154 3192 1276 3245 fortunam
1287 3191 1312 3241 in
1322 3195 1468 3255 perpetuum
1477 3191 1525 3241 sibi
1537 3192 1659 3243 devincire
1669 3206 1716 3242 non
1730 3198 1856 3257 potuerit.

1080 3277 1174 3334 Quodsi
1186 3278 1285 3340 quando
1297 3278 1419 3342 principes
1432 3278 1581 3328 exstiterunt
1601 3279 1667 3342 pravi
1679 3293 1707 3329 ac
1720 3279 1857 3344 scelerati,

1078 3381 1127 3415 uon
1140 3366 1206 3429 genti
1216 3365 1273 3415 hine
1286 3365 1355 3416 labes
1373 3365 1537 3430 adspergitur,
1549 3366 1594 3416 sed
1604 3368 1640 3417 itti
1654 3367 1699 3418 soli
1713 3368 1856 3434 plectendi,

1078 3465 1157 3517 neque
1167 3453 1231 3517 ⁴justi
1242 3457 1342 3517 propter
1353 3454 1452 3503 illorum
1464 3454 1609 3517 pravitatem
1619 3457 1707 3506 merita
1720 3471 1767 3508 sua
1779 3458 1859 3510 laude

1078 3539 1191 3605 privandi
1212 3545 1279 3592 sunt.
1315 3541 1356 3591 Sic
1374 3541 1512 3606 Joseplrus,
1531 3543 1754 3607 Hierosolymorum
1772 3561 1858 3613 expu-

1078 3631 1215 3694 guationem
1232 3644 1345 3693 narrans,
1361 3636 1386 3682 et
1397 3634 1561 3683 Romanorum
1573 3634 1771 3698 virtutem'J'usta
1781 3638 1859 3691 laude

1078 3718 1187 3779 extollit,
1201 3722 1228 3769 et
1247 3720 1268 3770 si
1286 3720 1330 3783 qui
1349 3720 1492 3770 iudeorum
1506 3722 1638 3772 materam
1658 3724 1791 3788 gesserint,
1809 3727 1858 3778 hos

1078 3805 1178 3870 quidem
1196 3808 1366 3871 reprehendit,
1379 3810 1475 3859 ceteros
1488 3813 1571 3859 autem
1587 3810 1659 3875 culpa
1675 3824 1765 3863 vacare
1777 3815 1856 3877 proti·

1080 3898 1156 3944 tetur.
1188 3895 1280 3945 Eodem
1293 3895 1367 3945 modo
1387 3909 1431 3945 nos
1451 3910 1550 3959 quoquc
1570 3897 1699 3961 iaciemus,
1711 3901 1785 3953 unice
1796 3916 1855 3954 sec·

1080 3986 1161 4032 tantos
1173 3978 1312 4033 veritatem.

1126 4153 1167 4188 nn.
1183 4142 1281 4189 115959
1293 4139 1315 4203 (1
1331 4142 1542 4189 1ε1τ.1150-1151
1559 4154 1582 4190 r.
1597 4140 1641 4205 c).
1652 4155 1723 4193 necis
1735 4159 1776 4194 nu.
1790 4160 1808 4196 r.

1111 4297 1135 4343 1.
1153 4296 1222 4342 Anno
1235 4292 1321 4342 muudi
1335 4297 1396 4343 11959
1407 4293 1514 4342 Morates
1526 4292 1588 4343 obiit
1604 4293 1641 4357 (d.
1653 4300 1667 4343 5
1677 4296 1750 4347 Febr.
1770 4301 1858 4365 1151),

1080 4384 1153 4430 natus
1164 4394 1241 4430 annos
1258 4386 1297 4443 51,
1306 4380 1331 4429 in
1347 4392 1422 4442 regno
1438 4383 1549 4430 versatus
1564 4395 1640 4431 annos
1653 4386 1691 4443 31,
1708 4398 1754 4434 rex
1768 4393 1858 4439 sextus

1080 4481 1094 4518 e
1108 4470 1179 4532 genta
1193 4470 1383 4527 Atumanarum,
1398 4466 1441 4529 qui
1454 4467 1485 4516 ab
1501 4468 1679 4519 Achaemenidis
1690 4473 1716 4520 et
1730 4474 1857 4538 Persidis,

1080 4556 1212 4619 ideoquea
1227 4558 1311 4605 Danao
1324 4557 1350 4605 et
1368 4557 1462 4618 Lynceo
1482 4555 1576 4605 ducunt
1592 4556 1718 4621 originem.
1753 4563 1857 4616 Mache.

1080 4646 1159 4693 metes
1171 4646 1226 4707 post
1240 4641 1315 4705 patris
1329 4640 1424 4693 obitum
1439 4655 1469 4693 ex
1483 4643 1555 4702 Asia,
1568 4644 1611 4693 nbi
1632 4646 1782 4708 praefectura
1799 4653 1856 4702 lun·

1080 4730 1192 4794 gebatur,
1202 4729 1382 4794 adrianopolim
1389 4730 1536 4793 arcessitus,
1545 4744 1647 4795 regnum
1659 4736 1768 4800 suscepit
1773 4741 1857 4791 ratam

1081 4834 1144 4870 auno
1160 4819 1285 4870 vicesimo.
1318 4821 1428 4869 Futurus
1441 4820 1499 4870 novi
1513 4816 1586 4882 regni
1594 4821 1709 4884 splendor
1722 4827 1802 4889 atque
1815 4830 1856 4880 in.

1081 4911 1149 4958 stans
1163 4921 1246 4958 rerum
1260 4907 1386 4958 conversio
1399 4908 1475 4958 uariis
1490 4908 1593 4959 ostentis
1611 4910 1637 4959 et
1650 4911 1774 4965 vaticiniis
1790 4930 1855 4981 prce-

1081 4996 1264 5046 nuntiabantur.

1112 5088 1134 5133 5.
1151 5083 1239 5132 statim
1259 5084 1291 5133 ab
1309 5083 1377 5134 initio
1391 5083 1557 5133 lllecbemetes
1578 5082 1645 5134 orbis
1661 5088 1784 5140 terrarum
1807 5094 1855 5144 rm.

1080 5170 1176 5233 perium
1189 5170 1296 5220 consiliis
1311 5170 1363 5221 suis
1379 5170 1580 5234 amplectebatur,
1593 5185 1624 5222 ac
1637 5173 1855 5232 celeberrimorum

1085 5270 1168 5321 regum
1179 5256 1319 5321 ducumque
1332 5257 1442 5322 exempla
1454 5256 1487 5308 oh
1501 5258 1587 5309 oculos
1608 5258 1724 5312 babebat.
1757 5267 1856 5321 Praestn

1051 5361 1089 5413 40
