3842 6036
391 445 630 509 MECHEMETIS
651 445 779 509 ANNUS
799 445 877 508 xvl.
899 449 978 509 6974
1000 450 1189 525 (16664466
1212 449 1247 508 Ρ.
1270 445 1330 528 st).

62 579 118 639 οίδέ
127 578 184 639 τότε
193 577 241 655 μέν
255 578 300 637 καὶ
310 577 383 657 παρθι
395 579 442 650 τήν
453 577 563 650 ἐσόολήν
577 578 659 650 αὐτήν
675 580 723 651 τὴν
737 583 823 639 αύτῶν

63 667 194 748 δῃουμένην
221 665 269 725 καλ
290 666 469 746 πορθουμένην
491 671 601 748 θρῶντες
633 659 702 728 είκόν
727 691 756 727 τε
779 667 826 727 καλ

63 757 202 817 ἐσπένδοντο
220 754 286 834 πρός
307 754 396 834 καιρὸν
413 754 460 819 καί
475 759 532 833 μετ’
556 756 632 835 όλίγα
651 757 730 816 πάλιν
750 761 825 817 εἶναι·

63 852 218 927 σχυντοῦντες
229 845 369 921 ἐλήστευον
378 844 425 916 τήν
434 844 565 925 βασιλέως
576 843 622 904 καλ
637 845 824 926 ἐκακούργουν,

61 935 100 995 καλ
112 941 185 994 τοῦτο
199 933 304 993 ἐποίουν
318 932 420 1012 ἔχοντες
431 932 465 1005 τδι
480 933 528 1013 όρη
544 932 589 992 καέ
603 933 634 992 τό
648 935 824 1015 δυσπρόσοδον

61 1026 102 1100 τῆς
125 1021 210 1103 χώρας
229 1019 384 1102 καταφυγήν
405 1020 451 1080 καί
474 1022 665 1099 προκοθιυμμα·
686 1032 748 1099 μιόῖς
773 1022 825 1102 γθιρ

62 1112 133 1182 οὔσης
151 1112 167 1180 ἐ,
181 1110 226 1169 δύο
242 1111 365 1190 παρόδων
379 1109 422 1168 διδ
435 1115 489 1170 τῶν
505 1114 574 1189 δρῶν
598 1113 623 1177 ἐς
645 1112 744 1189 αὐτὴν,
758 1110 824 1192 ἐφύ-

62 1200 148 1258 λοττόν
160 1222 186 1257 τε
202 1197 301 1265 ταύτας
322 1199 450 1279 φυλακαῖς
465 1203 603 1280 ἰσχυραῖς,
618 1199 664 1260 καέ
690 1192 761 1279 εἶχον
776 1199 824 1272 τήν

64 1291 143 1346 αῦτῶν
152 1286 244 1347 όόατον
257 1287 347 1357 πάντη
361 1295 414 1352 τοῖς
423 1288 559 1364 πολεμίοις
570 1286 615 1347 καέ
625 1292 715 1347 κακῶν
727 1293 826 1364 ἀπαθῆ,

5 1382 7 1439 ᾗ
67 1378 88 1433 εῖ
105 1376 196 1446 μήτοι
215 1377 321 1454 μεγάλη
337 1399 376 1443 τις
398 1375 508 1452 δύναμις
525 1379 672 1436 ἐπελθοῦσα
688 1382 741 1437 τῶν
758 1383 825 1458 δρῶν

5 1540 6 1543 γ
64 1484 90 1520 τε
122 1462 163 1521 καί
184 1466 234 1521 τῶν
258 1464 382 1544 παρόδων
406 1465 547 1544 κρατήσειε
576 1465 639 1545 βίορ,
664 1464 710 1525 καλ
744 1466 824 1545 θύραν

5 1580 6 1617 2
63 1549 158 1617 δνοίξειε
177 1556 208 1630 τῇ
227 1551 306 1633 χώρᾳ
326 1552 451 1619 τελείως·
469 1551 533 1633 ὅπερ
547 1555 579 1624 δή
598 1553 644 1614 καί
667 1558 682 1614 θ
703 1555 826 1633 βασιλεὺς

62 1636 156 1715 ἐγνώκει
168 1645 294 1710 ποιῆσαι,
308 1640 355 1700 καί
373 1640 526 1713 ἐπεποιήκει
540 1646 638 1710 καλῶς.
681 1641 715 1721 (ο)
731 1646 825 1720 Παρα-

5 1724 6 1807 ,
62 1727 239 1803 σκευασάμενος
270 1720 315 1788 οῦν
340 1733 481 1808 χειμῶνος,
503 1722 572 1811 ήπερ
596 1732 679 1812 ἔφην,
705 1732 824 1802 ὡςέδει,

5 1838 7 1899 γ
61 1813 108 1890 ἐμε
128 1807 220 1896 τῷήρι
234 1815 316 1885 ἔξεισι
329 1821 389 1877 κατ’
412 1820 498 1877 αὐτῶν
522 1820 625 1899 μεγάλῃ
642 1821 753 1898 δυνάμει
775 1820 822 1880 καί

5 1926 6 1945 ι
63 1898 160 1985 στρατιᾷ
176 1908 275 1986 ἱππικῇ
291 1930 321 1965 τε
345 1907 392 1965 καὶ
407 1900 520 1989 πεζιίιῇ,
535 1909 743 1985 ξυνεπαγόμενος
767 1908 825 1986 άμα

60 1983 125 2051 οίνιαί
135 1994 255 2072 μηχανέις
269 1994 317 2054 καλ
330 1992 453 2054 όπλακαλ
466 1996 633 2069 παρασκευάς
647 1999 672 2065 ἐς
683 1998 824 2074 οἰκοδομὴν

60 2080 98 2149 καί
109 2083 255 2160 οἰκοδόμους
272 2081 320 2142 καλ
339 2085 461 2151 τέκτονας
476 2084 523 2144 καί
538 2088 661 2166 ἐργαλεῖα
683 2086 823 2145 τεκτονικά

60 2168 98 2227 καί
109 2171 261 2248 οίκοδομικδι
275 2171 323 2232 καὶ
338 2172 441 2252 σίδηρον
453 2172 535 2231 πολὺν
550 2173 596 2233 καί
610 2172 710 2254 χαλκόν
720 2174 765 2232 καί
778 2172 826 2232 όσα

61 2265 152 2317 τοιαῦτα
176 2263 212 2325 ὡς
242 2260 271 2324 ἐς
295 2259 431 2338 τειχισμὸν
457 2259 504 2321 καέ
524 2262 665 2338 οἰκοδομὴν
692 2260 824 2343 φρουρίου.

63 2345 92 2423 (t)
128 2337 211 2426 τιθρας
235 2339 284 2407 οῦν
301 2350 331 2406 ἐκ
345 2352 392 2418 τῆς
413 2347 547 2427 Ἀδριανοῦ
567 2348 648 2408 παντὶ
663 2353 700 2429 τῷ
722 2354 827 2430 στρατῷ

60 2437 146 2514 ίπτιιιῷ
161 2459 189 2494 τε
204 2434 255 2494 καὶ
276 2439 379 2516 πεζικῷ
398 2436 441 2514 ᾔει
466 2435 510 2496 διθ
532 2441 581 2509 τῆς
605 2443 685 2497 αὑτοῦ
706 2439 825 2514 σπουδῇ·

61 2521 169 2591 διελάσας
181 2526 208 2583 δέ
223 2524 329 2595 ταύτην
344 2528 384 2584 ότι
394 2525 508 2605 τάχιστα
521 2526 567 2585 καὶ
582 2526 718 2607 γενόμενος
732 2530 759 2586 ἐν
771 2535 825 2594 τοῖς

60 2611 126 2687 όρίοις
144 2611 300 2694 Ἰλλυριῶν,
322 2613 557 2694 στρατοπεδεύεται
579 2617 658 2676 αύτοῦ
674 2622 709 2696 τῇ
728 2639 826 2696 προτε-

63 2699 130 2777 ροίρ,
141 2700 185 2758 καί
199 2725 232 2781 τη
253 2701 380 2783 ὑστεραίᾳ
398 2702 539 2763 ἐναλοιόὼν
553 2703 611 2772 τούς
623 2728 651 2764 τε
668 2705 758 2786 ψιλοὺς
777 2705 824 2765 καί

61 2786 150 2856 τοξότας
166 2788 211 2850 καί
234 2790 414 2870 σφενδονήτας
433 2790 479 2850 καὶ
500 2791 677 2874 λογχοφόρους
695 2793 741 2854 καέ
761 2797 828 2853 θπα·

61 2876 171 2952 σπιστλς,
197 2878 367 2956 προσόοίλλει
391 2881 449 2946 ταῖς
472 2881 596 2961 παρόδοις
614 2881 829 2960 φυλαττομέναις

63 2965 104 3023 θτό
125 2969 173 3025 τῶν
190 2966 333 3046 Ἰλλυριῶν
358 2969 488 3047 ἰσχυρῶς·
514 2966 560 3027 καέ
595 2969 684 3049 μάχης
709 2973 825 3048 μεγάλης

61 3052 167 3121 ξυσταδδν
186 3056 332 3134 γενομένης
346 3054 393 3114 καί
411 3057 528 3132 ὠθισμοῦ
539 3054 584 3115 καλ
599 3059 697 3136 ἀγῶνος
711 3058 757 3119 καὶ
768 3059 828 3138 βίας

62 3143 163 3221 πολλῆς,
178 3144 322 3224 εὐρώστως
340 3142 547 3217 ἀπαντησάντων
561 3168 591 3204 τε
604 3145 650 3205 καέ
663 3148 824 3228 μαχομένων

61 3236 103 3289 τῶν
120 3234 271 3313 Ἰλλυριῶν,
296 3234 422 3311 τρέπεται
443 3233 549 3300 τούτους
585 3234 632 3294 καέ
655 3237 748 3312 κρατεῖ
773 3241 825 3296 τῶν

14 3328 19 3337 “
63 3320 168 3397 πορόδων
189 3324 251 3402 βία,
279 3319 327 3381 καί
349 3320 514 3391 καταδιώξας
531 3320 608 3403 φόνον
622 3324 704 3382 πολὺν
728 3323 826 3384 τούτοιν

62 3408 194 3487 ἐργάζεται.
238 3414 273 3492 (ε)
306 3410 382 3471 Μετδ
409 3411 437 3470 δέ
460 3417 540 3471 τοῦτο
567 3410 687 3491 φυλακδις
713 3413 828 3490 ἐγκατα-

63 3498 272 3582 στήσαςέσχυρδς
294 3507 353 3568 ταῖς
367 3500 508 3579 παρόδοις,
532 3505 577 3558 τοῦ
594 3499 632 3579 μὴ
661 3502 826 3579 βλάπτεσθαι

63 3587 110 3653 τυίε
125 3613 150 3648 τε
165 3591 287 3656 ἐσιόντας
305 3588 353 3647 καλ
378 3588 492 3657 ἐξιόντας
508 3590 558 3648 θπδ
578 3593 629 3648 τῶν
648 3589 828 3667 λῃστευόντων

64 3669 202 3756 Ἰλλυριῶν,
219 3677 326 3737 κελεύει
344 3675 404 3744 τούς
417 3700 446 3735 τε
461 3677 603 3754 ὑλοτόμους
623 3674 670 3735 καί
692 3677 768 3757 μέρος
783 3681 830 3736 τοῦ

66 3767 133 3831 πεζοῦ
153 3767 310 3831 ἐσελθόντας
333 3768 468 3841 ὑλοτομεῖν
487 3788 516 3824 τε
537 3765 583 3825 καέ
603 3766 769 3847 ἐκκαθαίρειν
795 3766 830 3823 τά

64 3855 215 3934 πλοχμώδη
230 3855 280 3915 καλ
295 3854 378 3916 λάσια
393 3853 439 3913 καί
455 3854 637 3926 δυσδιεξίτητα
650 3854 830 3934 τῶν-χωρίων,

65 3939 103 3999 ατλ
118 3949 167 4005 τῶν
186 3948 257 4005 όδιῦν
276 3944 323 4010 τθς
339 3942 459 4023 σκληρός
482 3943 529 4003 καί
549 3947 675 4024 τραχείας
698 3941 745 4002 καλ
766 3941 832 4008 θλως

67 4027 167 4101 ἐόάτους
180 4032 345 4109 ἐξομαλίζειν
360 4054 388 4089 τε
402 4031 448 4090 καλ
467 4031 647 4089 καταλεαίνειν
667 4029 713 4090 καλ
730 4029 832 4109 εὐρείας

66 4116 105 4174 καὶ
121 4120 188 4189 λείας
202 4129 289 4180 ποιεῖν
307 4124 342 4200 τῇ
359 4143 388 4178 τε
398 4128 510 4199 στρατιῖρ·
531 4119 605 4198 πάσῃ
618 4121 717 4196 ἱππικῇ
742 4138 770 4174 τε
784 4115 831 4175 καί

6 4216 7 4221 ’
65 4209 200 4287 πΞίικῇιιαέ
211 4218 269 4276 τοῖς
284 4207 437 4289 ἀχθοφόροις
446 4206 580 4287 τῶνγζώων
594 4204 641 4266 καέ
652 4206 710 4273 ταῖς
719 4203 832 4281 ἁμάξαις

67 4292 106 4351 καί
118 4301 167 4364 τοῖς
185 4298 277 4365 ἄλλοις
290 4300 479 4374 σκευαγωγοῖς.
525 4298 557 4373 (ο)
573 4294 658 4362 Αέιτδς
670 4293 698 4353 δέ
712 4295 787 4373 πάση
799 4298 831 4373 τῇ

67 4396 165 4467 στρατιᾷ
176 4386 323 4457 ἐσελάσας,
338 4388 442 4465 πρῶτον
458 4383 506 4460 μέν
521 4384 569 4455 τήν
584 4382 658 4443 κάτω
677 4380 769 4463 χώραν
790 4385 836 4439 αύ-

1599 451 1651 511 Ιόῖ

881 585 1022 659 ἐμπιπρῶν
1033 581 1092 649 τοὺς
1103 581 1217 660 καρποθς
1230 581 1275 640 καὶ
1288 580 1430 658 νεμόμενος
1441 577 1486 638 καί
1498 562 1657 658 διαρθείρίονέ

879 671 923 728 καί
947 673 1090 750 ἀφανίζων.
1134 676 1166 746 (τ)
1189 670 1311 749 Ἰλλυριοί
1335 671 1363 728 δέ
1393 668 1660 747 όντγαγόντες·τοδς”

881 762 952 838 σφῶν
965 761 1062 825 παῖδας
1071 758 1117 816 καὶ
1129 768 1252 835 γυναῖκας
1263 758 1309 816 καί
1320 756 1402 829 κτήνη
1412 763 1458 816 καὶ
1470 766 1558 815 πᾶσαν
1569 758 1653 826 ἄλλην

880 846 1027 918 ἀποσκευήν
1041 846 1084 904 ἐπὶ
1096 846 1130 904 τθι
1143 845 1232 927 θβηλδι
1246 844 1291 905 καλ
1304 845 1416 915 δυσόντη
1429 848 1474 903 καί
1489 843 1655 924 δυσπρόσοδα

880 939 931 993 τῶν
945 938 1029 1016 δρῶν,
1045 936 1091 994 καὶ
1107 934 1301 1003 καταλαόόντες
1315 934 1389 995 αὐτοὶ
1403 935 1446 1004 ξὺν
1463 935 1551 1001 όπλοις
1563 934 1612 999 τάς
1625 957 1654 997 τε

879 1025 1025 1107 δυσχωρίας
1039 1026 1083 1084 καλ
1093 1025 1151 1091 τοὺς
1164 1024 1285 1104 ίσχυροῦς
1296 1028 1348 1084 τῶν
1362 1024 1449 1083 τόπων
1462 1024 1507 1083 καί
1522 1023 1569 1091 τόις
1582 1048 1655 1105 παρ-

879 1114 966 1187 όδους,
991 1114 1134 1191 ἐκάθηντο,
1153 1114 1185 1186 ἤν
1202 1139 1239 1182 τις
1263 1116 1350 1181 αὐτοῖς
1372 1114 1451 1193 ἐπίῃ,
1467 1114 1651 1192 ἀμυνούμενοι.

882 1205 915 1279 (ο)
960 1201 1088 1268 Βασιλεὺς
1102 1203 1146 1274 δέ,
1162 1203 1219 1263 ἐπεὶ
1234 1212 1323 1263 πᾶσαν
1334 1200 1381 1274 τήν
1399 1203 1474 1262 κάτω
1488 1202 1579 1283 χώραν
1598 1205 1649 1261 αύ-

879 1296 930 1351 τῶν
945 1291 1044 1371 ἐδῄωσε
1058 1291 1103 1350 καί
1116 1290 1268 1371 ἐπόρθησε,
1282 1292 1555 1371 παρασκευασάμενός
1568 1294 1653 1353 τεκαὶ

880 1379 988 1448 ἐκτάξας
1008 1382 1094 1446 καλῶς
1118 1389 1206 1437 πᾶσαν
1228 1380 1275 1450 τήν
1294 1379 1418 1458 στρατιὰν
1434 1380 1528 1459 ἐχώρει
1549 1382 1594 1439 ἐπέ
1616 1381 1650 1441 τό

879 1470 927 1546 ὄρη
939 1468 984 1525 καί
999 1467 1045 1533 τδις
1058 1466 1205 1548 δυσχωρίας
1220 1468 1264 1526 καὶ
1277 1465 1336 1535 τοθς
1349 1467 1469 1547 ίσχυροίις
1482 1472 1533 1527 τῶν
1554 1473 1654 1547 βουνιῦν

881 1556 924 1613 ἐπί
940 1579 968 1614 τε
983 1555 1124 1632 Ἰλλυριοὺς
1138 1555 1182 1615 καὶ
1196 1557 1293 1622 παῖδας
1313 1554 1361 1614 καί
1374 1563 1498 1631 γυναῖκας
1517 1560 1591 1634 σφῶν
1606 1559 1652 1615 καὶ

881 1643 929 1716 τήν
949 1646 1032 1714 ἄλλην
1047 1643 1210 1717 ἀποσκευήν.
1232 1643 1367 1724 Προέταξε
1385 1641 1432 1721 δέ,
1453 1642 1564 1721 πρόσθεν
1588 1643 1651 1720 μὲν,

880 1733 937 1799 τούς
960 1755 989 1790 τε
1012 1731 1119 1802 τοξότας
1130 1732 1175 1791 καὶ
1191 1733 1399 1813 τουφακοφόρους
1416 1733 1461 1792 καλ
1481 1732 1654 1812 σφενδονήτας

883 1821 988 1899 βάλλειν
1001 1844 1030 1879 τε
1044 1821 1089 1879 καὶ
1103 1819 1213 1889 τοξεύειν
1229 1821 1274 1880 καλ
1288 1823 1428 1902 σφενδονᾶν
1443 1824 1469 1888 ἐς
1487 1821 1546 1889 τοὺς
1560 1822 1653 1882 Ἰλλυ-

883 1907 951 1988 ριοθς
972 1908 1017 1967 καὶ
1042 1909 1166 1989 ἀνείργειν
1187 1909 1280 1975 αὐτοὺς
1293 1909 1456 1992 πορρωτάτω
1476 1914 1521 1967 καί
1543 1913 1654 1987 ἀναχαι·

880 1996 957 2066 τίζειν
973 2000 999 2064 ἐς
1013 1996 1043 2055 τδ
1058 1998 1112 2056 ἄνω
1128 1997 1321 2076 βαλλομένους·
1339 1998 1408 2072 μετὰ
1421 1997 1448 2057 δὲ
1461 1996 1580 2068 τούτους,
1594 1997 1653 2061 τούς

883 2084 1020 2165 τείβιλοδς
1043 2085 1089 2143 καὶ
1109 2085 1284 2165 λογχοφόρους
1308 2086 1354 2144 κοιλ
1374 2084 1542 2152 ὑπασπιστδις
1565 2083 1654 2153 ἔταξεν

885 2175 997 2249 ἐνιέναι,
1021 2173 1154 2251 ἑπομένως
1176 2174 1203 2235 δέ
1229 2174 1328 2239 τούτοις
1354 2174 1382 2233 τό
1413 2175 1546 2234 όπλιτικδν
1571 2171 1654 2232 ἅπαν,

884 2262 917 2341 (υ)
929 2262 984 2322 Καὶ
995 2262 1198 2345 ἀνήεσανσχολῇ
1208 2265 1252 2322 καὶ
1262 2264 1345 2342 βάδην
1354 2261 1518 2342 μίχριτινδς,
1531 2263 1656 2327 ὠθοῦντες

885 2350 954 2409 κατδι
970 2351 1062 2429 μικρὸν
1079 2352 1138 2421 τοὺς
1153 2351 1296 2433 Ἰλλυριοὺς
1312 2355 1338 2417 ἐς
1356 2352 1386 2411 τὸ
1400 2352 1464 2409 ἄνω·
1477 2350 1567 2407 ἔπειτα
1587 2350 1655 2405 θλα-

884 2438 1008 2507 λοίξαντες
1022 2441 1092 2517 μέγα
1106 2440 1173 2501 οἵτε
1188 2440 1259 2522 ψιλολ
1275 2438 1321 2499 καί
1339 2442 1363 2499 οῖ
1375 2441 1483 2497 ὁπλῖται
1499 2436 1545 2496 καὶ
1558 2438 1654 2516 λογχο-

884 2526 957 2608 φόροι
974 2525 1089 2607 ἐχώρουν
1111 2529 1202 2609 δρόμῳ
1217 2529 1260 2587 ἐπὶ
1283 2528 1343 2594 τοῦς
1355 2527 1514 2606 Ἰλλυριοὺς,
1534 2526 1580 2584 καλ
1593 2549 1655 2609 τρε·

884 2614 997 2692 ψάμενοι
1019 2615 1126 2673 ἐδίωκον
1150 2617 1200 2673 όνδι
1220 2613 1315 2694 κράτος
1336 2613 1381 2672 καὶ
1405 2612 1656 2689 καταλαμόάνοντες

884 2704 1007 2776 ἔκτεινον,
1017 2703 1076 2769 τοῦς
1085 2705 1113 2762 δὲ
1124 2703 1170 2763 καλ
1179 2707 1277 2773 ζῶντας
1290 2703 1435 2783 ἐζώγρουν·
1450 2700 1513 2760 ἔνιοι
1526 2700 1554 2760 δέ
1570 2704 1655 2759 αὐτῶν

884 2790 931 2848 καλ
943 2791 1152 2869 βιαζόμενοιὺπδ
1159 2793 1210 2848 τῶν
1216 2791 1329 2849 ὁπλιτῶν
1339 2790 1474 2870 ἐρρίπτουν
1487 2797 1554 2868 οφδς
1563 2787 1656 2853 αὐτοὺς

883 2878 950 2936 κατθ
970 2883 1021 2936 τῶν
1037 2883 1160 2957 κρημνῶν
1175 2879 1221 2937 καῖ
1235 2881 1352 2956 πετρῶν,
1366 2878 1411 2936 καῖ
1430 2878 1616 2957 διεφθείροντο·
1633 2878 1657 2933 οί

883 2966 909 3023 δέ
924 2968 1029 3025 ὁπλῖται
1040 2967 1083 3024 καῖ
1096 2965 1169 3047 ψιλοί
1183 2966 1228 3023 καῖ
1242 2969 1259 3036 ἡ
1274 2965 1385 3044 στρατιδι
1399 2974 1474 3024 πᾶσα
1485 2969 1591 3043 χεθεῖσα
1606 2963 1657 3022 δνδι

880 3055 913 3111 τδι
926 3055 974 3132 όρη
988 3055 1032 3112 καὶ
1043 3053 1090 3121 τέις
1101 3053 1247 3134 δυσχωρίας
1255 3054 1301 3120 τδις
1313 3057 1396 3113 ἐκεῖσε
1407 3053 1453 3113 καί
1467 3054 1513 3120 τδις
1523 3050 1658 3131 χαράδρας
1729 3048 1732 3053 ’

880 3144 1007 3221 ἐζώγρουν
1021 3142 1067 3202 καί
1077 3145 1295 3224 ήνδραποδίζοντο
1317 3141 1375 3209 τούς
1392 3164 1422 3201 τε
1435 3142 1532 3207 παῖδας
1554 3139 1600 3198 καέ
1611 3162 1658 3216 γυ-

880 3233 972 3299 ναῖκας
995 3235 1048 3290 τῶν
1067 3231 1202 3310 Ἰλλυριῶν
1224 3231 1270 3290 καί
1292 3230 1378 3289 πάντα
1404 3230 1439 3289 τέι
1457 3224 1590 3308 προσόντα
1610 3231 1659 3286 αὖ·

880 3329 934 3389 τοῖς
956 3320 1112 3401 διήρπαζον·
1131 3324 1161 3381 οὔ
1183 3320 1260 3396 μόνον
1278 3320 1316 3394 δέ,
1334 3318 1404 3379 άλλδι
1422 3319 1466 3377 καῖ
1482 3317 1659 3396 βοσκημάτων

882 3410 928 3469 καί
942 3410 1015 3490 ζῴοιν
1030 3410 1125 3487 ἐγέλας
1139 3407 1239 3476 πολλδις
1264 3409 1383 3480 ἤλασαν,
1403 3406 1617 3485 καταδραμόντες
1632 3404 1659 3462 δὲ

882 3500 970 3559 πάντα
985 3500 1018 3559 τδι
1032 3497 1080 3580 όρη
1100 3499 1187 3565 καλῶς
1206 3498 1251 3556 καί
1270 3496 1499 3574 διερευνησάμενοι
1519 3494 1564 3552 καὶ
1585 3493 1658 3552 λείαν

883 3589 925 3648 ότι
941 3589 1067 3661 πλείστην
1083 3591 1179 3649 ἐκεῖθεν
1193 3586 1374 3665 ἐπαγαγόντες
1391 3584 1560 3665 ἀνδραπόδων
1574 3605 1602 3642 τε
1616 3582 1661 3641 καὶ

885 3677 1061 3756 βοσκημάτων
1081 3676 1127 3735 καλ
1153 3680 1205 3734 τῶν
1232 3676 1337 3748 ἄλλοιν,
1357 3672 1506 3749 κατήγαγον
1524 3672 1613 3731 πάντα
1634 3673 1660 3736 ἐς

888 3765 918 3824 τὸ
932 3765 1117 3844 στρατόπεδον.
1158 3766 1204 3841 (ιιι)
1224 3762 1364 3824 Ἀπέθανον
1379 3760 1406 3820 δέ
1419 3763 1517 3831 πλῆθος
1528 3756 1595 3817 πολὺ
1609 3762 1662 3816 τῶν

884 3854 1032 3932 Ἰλλυριῶν,
1054 3857 1079 3912 οί
1104 3853 1151 3928 μὲν
1166 3856 1193 3911 ἐν
1211 3855 1249 3934 τῷ
1270 3850 1396 3932 πολέμῳ,
1416 3851 1440 3907 οί
1452 3849 1481 3908 δέ
1497 3846 1543 3906 καλ
1567 3850 1661 3915 ζῶντες

888 3943 1044 4022 ληφθέντες,
1064 3939 1234 4005 κελεύσαντος
1250 3939 1391 4018 βασιλέως·
1409 3938 1560 4012 ἐλήφθησαν
1575 3935 1602 3994 δέ
1616 3936 1664 3994 καλ

889 4032 981 4098 παῖδες
994 4030 1040 4089 καί
1054 4036 1174 4108 γυναῖκες
1190 4028 1236 4086 καλ
1256 4026 1346 4109 ἄνδρες
1360 4029 1386 4085 ἐν
1402 4025 1508 4092 ἐκείνοις
1526 4026 1579 4091 τοῖς
1589 4023 1662 4104 όρεσι

888 4120 952 4177 ύισεῖ
972 4118 1113 4198 δισμύριοι.
1139 4118 1175 4179 Οί
1194 4117 1222 4175 δέ
1235 4116 1323 4176 λοιποὶ
1347 4121 1398 4176 τῶν
1413 4115 1548 4195 Ἰλλυριῶν
1570 4116 1594 4172 οἱ
1615 4112 1662 4190 μέν

888 4200 956 4282 ήσαν
971 4210 997 4265 ἐν
1012 4205 1141 4288 φρουρίοις
1154 4207 1283 4286 ἐρυμνοῖς,
1298 4208 1322 4264 οί
1334 4205 1362 4263 δέ
1376 4207 1403 4264 ἐν
1414 4205 1503 4272 ἄλλοις
1521 4203 1593 4282 ὄρεσι
1614 4224 1661 4259 πε·

890 4295 1012 4377 φευγότες
1027 4295 1095 4372 μετδι
1114 4299 1159 4352 τοῦ
1175 4299 1248 4370 σφῶν
1262 4292 1390 4374 ἡγεμόνος
1407 4292 1588 4371 Ἀλεξάνδρου.
1653 4324 1655 4329 v

932 4384 998 4445 ΧΙΙ.
1011 4374 1066 4447 Ἦν
1081 4383 1108 4441 δέ
1120 4404 1145 4440 τι
1159 4382 1205 4440 καλ
1217 4382 1338 4463 φρούριον
1356 4382 1442 4440 ἐκεῖσε
1459 4388 1513 4449 τοῖς
1528 4379 1665 4456 Ἰλλυριοῖς

65 4473 121 4547 ’ἕνη
134 4479 184 4535 τῶν
193 4477 293 4536 πεδίων
304 4474 334 4533 τε
348 4472 394 4533 καί
407 4471 456 4545 όση
465 4473 613 4551 ἱππάσιμος
622 4464 664 4546 ήν,
677 4469 836 4552 κατατρέχει
894 4472 1035 4551 ἐπίμαχον
1050 4470 1137 4542 πάντη
1158 4467 1204 4529 καλ
1218 4468 1400 4548 ,ἰσχυρότατον
1419 4470 1519 4547 Κροῦες
1540 4464 1665 4540 ὀνομαζό-

67 4555 233 4636 κοέληίζεται
256 4573 363 4639 πᾶσαν,
377 4565 444 4640 μετὰ
465 4564 494 4622 δέ
504 4569 581 4622 τοῦτο
595 4561 836 4645 στρασοπεδευόμε·
893 4584 986 4635 μενον,
1008 4563 1072 4640 ὅπερ
1092 4559 1124 4630 δή
1145 4559 1190 4618 καὶ
1210 4560 1245 4625 ὡς
1269 4554 1409 4635 ἀκρόπολίς
1422 4576 1461 4622 τις
1484 4545 1517 4625 ήν
1539 4555 1586 4623 τῆς
1605 4550 1666 4621 όλης

67 4668 103 4715 *νε
114 4653 179 4712 κατὰ
197 4651 331 4730 σταθμοὺς
339 4650 395 4721 ικοιέ
409 4652 624 4732 προσκαθήμενος
644 4648 722 4733 ἐδήου
736 4651 836 4724 ταύτην
892 4648 982 4732 χώρας
996 4649 1040 4706 καί
1065 4646 1255 4728 φυλακτήριον.
1278 4640 1365 4706 Τοῦτο
1383 4641 1554 4722 πολυτρόπως
1573 4643 1665 4718 πρώην

275 4765 1666 4793 -Μ

7 4832 9 4851 ³
69 4838 207 4901 §mem
218 4846 298 4906 haba
308 4845 351 4897 lib.
364 4848 388 4907 ο,
401 4850 438 4909 νο,
449 4852 472 4897 2.
485 4844 496 4911 n
506 4877 535 4889 -
543 4847 588 4911 πρὸ
598 4845 687 4911 αὑτοῦ]
698 4844 755 4896 add.
768 4857 861 4909 margo.
872 4846 883 4910 γ
894 4876 921 4887 -
932 4846 989 4907 πρὸς
997 4842 1091 4907 καιρὸν]
1103 4854 1195 4906 maram
1206 4840 1273 4904 μίγεν
1282 4838 1343 4895 nv&
1355 4839 1417 4888 text·
1426 4836 1437 4900 ΙΙ
1445 4834 1501 4898 -§
1510 4839 1533 4884 ι.
1544 4833 1667 4918 διείρας]

7 4918 9 4947 ί
70 4923 154 4979 wgo,
169 4917 264 4969 διελθὼν
286 4919 351 4968 text.
368 4917 379 4981 ΙΙ
398 4944 429 4954 -
448 4917 500 4982 86.
514 4915 642 4986 ἐπελάσας]
654 4929 751 4980 margo,
771 4916 852 4971 θιαόδις
872 4914 958 4977 testu
977 4940 1008 4950 -
1026 4911 1233 4975 προσκαθήμενος]
1254 4922 1330 4975 supra
1350 4921 1467 4966 versum,
1485 4908 1667 4971 περικαθημενος

71 4979 182 5037 invem.
197 4987 251 5051 γ-
269 4988 321 5052 ςιι.
341 4990 389 5039 οπο
399 4994 446 5038 ιον
459 4987 579 5052 οπιιιοι]
590 4987 647 5038 σοι.
668 5000 734 5051 mgo.
752 4985 763 5050 11
777 5011 808 5023 -
825 4987 867 5043 τὰς
885 4984 976 5048 ἐκεῖσε]
991 4996 1056 5048 ιντο,
1070 4983 1160 5039 ἐκεῖνος
1176 4985 1240 5031 text.
1262 4979 1273 5043 ΙΙ
1289 5005 1321 5017 -
1337 4976 1440 5040 ἐνθεν]
1457 4975 1515 5026 add.
1526 4988 1591 5057 ¹¹¹ss⁰·
1608 4973 1619 5039 ί
1634 5000 1665 5011 ”

7 5116 9 5127 7
71 5048 357 5123 §1o.n,5;021022010.]
375 5057 520 5109 οωοωοιο.
543 5058 567 5119 ο,
582 5073 607 5124 p.
621 5062 667 5110 τοο
682 5080 689 5108 ε
706 5061 729 5109 ε
748 5056 901 5108 mandando
918 5056 952 5121 οι·
967 5057 1095 5106 οωνιωι
1115 5056 1145 5103 ιο
1159 5055 1219 5113 σου
1231 5051 1326 5115 ναοῖο
1347 5061 1382 5099 ”0
1402 5048 1490 5111 secero
1506 5059 1559 5097 ⁰⁰³⁸
1575 5045 1665 5109 ΨΜ

7 5138 8 5157 ι
69 5123 146 5181 preda
161 5127 307 5179 εταοσοῖια
320 5127 394 5178 aena
407 5127 522 5180 bellem
541 5128 694 5191 εοίοοοιιίέι
708 5129 851 5190 Albuneae,
865 5126 947 5179 ολειῖ
965 5138 1060 5190 campo
1079 5126 1150 5189 τερίο
1168 5122 1273 5174 diventa
1287 5132 1360 5172 οοοιε
1381 5131 1438 5169 οπο
1456 5129 1616 5182 ramam
1639 5114 1658 5165 (ί

73 5192 147 5256 unse
157 5199 180 5246 εν
192 5198 220 5250 οι
230 5196 367 5263 οοιιέοιειῖν
380 5198 570 5263 deiparam.

7 5264 8 5267 ¹
98 5261 148 5313 ειι.
161 5264 176 5328 ς
190 5273 210 5317 ι,
226 5265 331 5334 κριτος]
346 5268 426 5330 ιιροοε
439 5267 572 5319 νωωιιο
582 5281 607 5334 p.
620 5270 675 5330 ιοε,
694 5271 722 5319 ιο
751 5267 829 5336 xpm
839 5267 965 5329 οωιωο,
979 5268 1034 5319 alii·
1048 5267 1134 5333 ωηο,
1144 5263 1230 5316 Turcis
1243 5261 1393 5323 Δολίοσι.
1414 5261 1427 5327 θ
1444 5286 1477 5302 -
1488 5262 1503 5328 §
1514 5269 1538 5315 ²·
1554 5259 1665 5327 ἀείνων]
