3842 6036
256 433 313 492 888

255 560 317 624 σι’ως
339 556 609 625 καταόάλλοντας’
575 580 671 639 φορον,
687 557 736 663 τὴγ
758 555 785 614 88
808 553 930 634 δευτέραν
954 553 1026 625 ιἰπή-

253 671 333 725 γαγεν
348 651 374 706 ἐν
395 644 671 716 Ιίωνσταντινουπόλεε
693 644 741 703 καῖ
761 642 943 724 κατῴκισι,τ
927 641 975 713 τνή
1000 642 1028 700 δὲ

253 735 343 814 τρίτην
358 733 550 812 ἀνδραποδίσας
564 732 671 792 διίδωκε
683 739 736 797 τοῖς
747 730 937 810 στρατιώταις
950 729 1028 797 ὅσους

254 822 282 883 δί
301 814 359 901 εθρε
374 820 548 901 μισθοφόρους
570 824 623 880 τῶν
640 819 751 882 Ἰταλῶν
776 819 854 878 ἐν’
825 822 907 897 αυτῇ,
928 815 1030 884 πάντας

253 910 397 970 άπέκτεινι.
442 910 491 990 (ιο)
502 913 527 971 Τ
529 910 547 968 δι
558 909 586 967 88
599 911 625 966 ἐν
639 913 673 989 τῇ
691 906 763 988 νήσῳ
776 906 846 964 ἄλλα
860 904 1025 986 φρούρια
983 930 1029 964 και

253 998 406 1073 πολίσματα
417 997 475 1058 τότε
491 996 538 1073 μίν
553 996 627 1056 είασε
639 995 724 1073 μένειν
738 999 773 1061 ὡς
786 984 841 1074 εἶχε
848 993 912 1074 πρὸς
923 995 1028 1074 καιρόν·

254 1087 321 1163 μετὰ
334 1087 361 1147 88
377 1091 461 1146 ταῦτα
474 1085 522 1146 καί
535 1107 594 1143 τινα
608 1083 705 1144 τούτων
721 1081 802 1151 ἐξεῖλε
818 1083 864 1140 καὶ
877 1083 1029 1162 κατέσκαψε

254 1175 300 1233 καὶ
314 1174 376 1241 τοθς
399 1174 494 1254 ἄνδρας
507 1172 553 1233 καῖ
567 1172 666 1239 παῖδας
688 1172 735 1230 καὶ
748 1177 873 1247 γυναῖκας
894 1169 1122 1282 άπῴκισεγΣυ

254 1263 281 1319 ἐν
291 1257 577 1322 Κωνσταντινουπόλει.
618 1261 667 1341 (ιι)
680 1257 760 1320 Οὕτω
771 1258 798 1317 88
808 1256 904 1323 διαθείς
916 1255 950 1315 88
959 1256 1028 1317 κατὰ

254 1350 302 1422 τήν
324 1348 479 1425 Μιτυλήνην
494 1349 540 1409 καί
565 1348 612 1421 τήν
636 1347 740 1410 Λίσόον
756 1347 891 1407 άπασανδ
914 1348 1027 1425 Μαχου·

254 1437 369 1512 μούιης,
390 1438 437 1498 καὶ
461 1435 575 1519 φρουράν
603 1437 696 1509 ἱκανήν
718 1433 919 1512 ἐγκαταστήσας
944 1437 978 1513 τῇ
999 1456 1027 1490 τε

254 1527 330 1587 πόλει
343 1528 389 1585 καί
402 1527 455 1601 τοῖς
473 1526 562 1594 ἄλλοις
574 1523 717 1606 φρουρίοις,
732 1523 777 1581 καὶ
791 1522 931 1600 σατράπην
944 1519 1026 1598 ταύτῃ

255 1614 408 1673 καταλιπὼν
425 1615 507 1693 ἄνδρα
529 1616 582 1671 τῶν
606 1614 759 1688 ὀνομαστῶν
782 1608 845 1689 παρ’
868 1611 957 1675 αὐτοῖς
979 1606 1026 1664 καί

253 1702 323 1760 πάνυ
333 1702 471 1781 γνωρίμων
482 1703 524 1761 ἐπ’
532 1699 686 1780 άνδρεῖερκαῖ
696 1697 845 1778 στρατηγία
852 1697 898 1758 καί
907 1698 1027 1775 τῇλοιπῆ

253 1793 333 1869 ἀρετῇ
348 1791 450 1866 Σάμιον
466 1788 544 1860 Ἀλήν
561 1791 696 1864 τοῦνομα,
714 1790 869 1866 περαιοῦται
883 1783 930 1844 καί
948 1783 1025 1850 αὐτὸς

253 1881 278 1944 ἐς
293 1876 415 1955 βασιλέα.
441 1877 486 1956 (ιε)
528 1879 563 1937 08
578 1876 606 1935 88
629 1880 674 1935 τοῦ
690 1874 783 1934 στόλου
796 1871 922 1951 ἡγεμόνες
942 1894 1029 1950 παρει-

252 1964 376 2031 λαὸόντες
390 1969 449 2040 μεθ’
469 1967 570 2035 ἑαυτῶν
590 1965 634 2023 τόν
654 1987 681 2022 τε
697 1961 818 2024 Λεσόίων
843 1960 960 2041 άρχοντα
981 1958 1027 2018 καὶ

253 2052 355 2120 πάντας
378 2052 439 2121 τοθς
460 2053 503 2125 ξθν
527 2055 601 2132 αύτῷ
616 2051 675 2117 τούς
695 2074 724 2110 τε
748 2050 844 2130 ἄνδρας
865 2050 910 2107 καί
932 2051 1030 2117 παῖδας

255 2139 301 2200 καὶ
325 2144 453 2218 γυναῖκας
477 2144 564 2221 σφῶν,
588 2138 647 2206 τοθς
670 2139 713 2196 ἐπί
736 2136 893 2215 ξυνοικισμῷ
910 2139 957 2206 τῆς
981 2136 1029 2194 πό-

255 2232 338 2304 λεως,
353 2227 400 2287 καί
420 2228 492 2286 λείαν
515 2228 556 2287 δτι
569 2227 696 2300 πλείστην
720 2225 804 2301 άλλην
820 2224 952 2300 ἐνθέμενοι
972 2231 1028 2291 ταῖς

254 2316 361 2387 ναυσὶν,
389 2318 556 2375 άπίπλευσαν
580 2314 624 2374 ἐπ’
641 2316 714 2374 οίκου
740 2314 764 2381 ἔς
786 2337 816 2373 τε
834 2313 1028 2374 Καλλεούπολιν

257 2404 303 2461 καὶ
322 2402 481 2479 Βυζάντιον,
504 2403 550 2462 καὶ
564 2402 686 2462 διίλυσαν
698 2400 742 2461 τδν
754 2402 857 2463 στόλον.
880 2399 928 2481 (ιε)
943 2403 1029 2461 Βασι-

254 2491 313 2558 λιθς
340 2491 368 2550 88
392 2491 440 2564 τήν
464 2491 590 2571 στρατιδιν
614 2491 728 2571 διαφεὶς,
751 2488 826 2556 αὐτὸς
850 2487 892 2559 ξθν
916 2488 1001 2566 τῇδ
975 2487 1029 2546 ἰδία

254 2580 337 2657 αὐλῇ,
362 2578 524 2660 φθινοπώρου
547 2577 678 2659 φθίνοντος
694 2577 760 2651 ήδη,
774 2579 922 2658 ἀφικνεῖται
945 2576 1021 2642 ἐς
995 2599 1028 2635 το

257 2667 410 2736 Βυζάντιον.
431 2668 487 2730 Καί
500 2667 697 2745 ἑδδομηκοστθν
717 2670 775 2734 ἔτος
794 2692 815 2725 π
818 2668 858 2745 ρδς
878 2674 932 2732 τοῖς
951 2669 1026 2726 ἐννα·

255 2756 353 2822 κοσίοις
375 2780 404 2815 τε
424 2756 470 2816 καῖ
490 2760 515 2815 ί
504 2756 677 2836 ακισχιλίοις
689 2764 742 2821 τοῖς
760 2754 859 2821 όλοις’
845 2754 952 2828 ηνύετσ,
972 2754 1029 2812 δεύ-

253 2867 327 2923 τερον
346 2847 373 2904 88
393 2843 481 2904 καλδ’
453 2846 561 2905 δεκατον
575 2850 623 2914 τῆς
636 2847 772 2925 θρχης”
735 2869 774 2903 τοι
792 2845 906 2918 βασιλεῖ.

292 2933 373 2994 Χίίί.
390 2931 544 3000 Λίσόος
515 2957 562 3006 μεν
577 2923 621 2993 888
645 2934 728 3000 οὕτως
741 2933 792 2990 ύπδ
806 2930 935 2997 ὅασιλίως
957 2933 1027 2990 ἑάλω

253 3019 298 3078 καί
321 3022 520 3099 Μιτυλήνη,χ
522 3021 608 3101 ρόνους
621 3019 672 3091 ήδη
687 3018 850 3091 πεντήκοντα
872 3017 916 3077 καί
931 3018 1026 3076 ἑκατὸν

252 3109 279 3166 ἐν
293 3118 347 3175 τοῖς
360 3109 419 3166 καθ’
432 3114 502 3183 ήμδίς
517 3110 605 3168 τοῖσδε
626 3116 725 3187 καιροῖς
738 3104 980 3184 ἐνιυδαιμονήσασά
998 3129 1027 3165 τε

255 3197 301 3255 καί
311 3197 355 3255 ἐπὶ
365 3196 434 3273 μέγα
445 3196 518 3266 δόξης
526 3200 633 3276 ἀρθεῖσα
639 3195 684 3256 καί
695 3194 848 3260 δυναστείας
853 3194 899 3252 καὶ
905 3193 1028 3267 πλούτου,

254 3287 280 3351 ἐς
269 3284 351 3344 ότου
365 3284 431 3355 δή
407 3307 438 3342 το
449 3286 553 3361 πρῶτον
564 3282 627 3361 ἐσχε
643 3284 743 3355 ταύτην
753 3283 827 3361 παρδι
837 3307 882 3341 του
867 3280 1028 3361 βασιλέως

255 3372 398 3447 Ῥωμαίων
414 3375 440 3438 ἐς
455 3370 524 3433 ίδίαν
536 3371 620 3450 ἀρχὴν
643 3369 787 3474 Νικορίζος
798 3374 894 3436 ἐκεῖνος
905 3372 1029 3478 δπρῶτος

257 3459 452 3535 Γατελεούζων,
479 3461 545 3535 ἀνὴρ
560 3457 662 3525 Ἰταλὸς
686 3459 731 3516 καί
752 3461 804 3515 τῶν
820 3449 849 3516 88
870 3458 1026 3566 γεγφνότων·

252 3546 345 3624 (888
347 3570 358 3613 ς
369 3570 437 3625 αγαν
449 3545 578 3615 ξυνετός
562 3571 598 3606 ων
610 3570 655 3605 και
645 3544 875 3657 πεπαιδευμένος
887 3569 931 3604 και
921 3545 1028 3625 ψυχῆς

251 3635 371 3715 ἀνδρείαν
391 3638 510 3695 πλουτῶν
531 3643 584 3701 τοῖς
599 3658 629 3693 τε
644 3635 734 3702 ἄλλοις
748 3634 817 3692 κατὰ
832 3638 910 3709 σῶμα
931 3656 1026 3712 προτε-

253 3726 354 3802 ρήμασι
366 3726 457 3801 κομῶν
471 3723 517 3783 καί
532 3726 620 3790 καλῶς
633 3722 709 3791 είδθις
728 3722 823 3801 άριστα
837 3720 885 3781 καί
897 3723 1027 3780 κάλλιστα

252 3811 349 3872 διέπειν
372 3810 473 3891 ἀρχήν,
494 3813 520 3879 ἐς
545 3817 668 3871 τοσοῦτον
688 3811 773 3874 αὐτήν
797 3813 879 3889 ἐπῆρε
904 3815 949 3870 καί
972 3818 1027 3878 τοῖς

251 3900 319 3966 δ’λοις
334 3900 451 3981 ἀπέφηνε
465 3900 576 3979 κρείττω
589 3907 646 3966 ταῖς
662 3903 726 3978 παρ’
740 3902 832 3960 ἑαυτοῦ
847 3899 914 3958 κατδι
934 3899 1026 3978 μικρὸν

252 3986 384 4047 ἐπιδόσεσι
398 3988 443 4048 καὶ
456 3989 632 4067 προσθήκαις,
646 3989 681 4054 ῶς
695 3989 875 4064 άμελληθῆναι
888 3989 981 4068 σχεδὸν
998 3991 1023 4046 ἐν

251 4082 319 4133 πᾶτι
333 4098 365 4153 τη
382 4080 486 4157 παλαιᾷ
500 4076 597 4148 ταύτης
618 4078 782 4158 εὐδαιμονία.
829 4082 861 4154 (ο)
881 4078 922 4136 08
946 4076 1024 4148 μόνον

641 423 850 487 'CRITOBL'LI
870 422 1133 485 HISTORIARUM
1154 423 1225 485 ΜΒ.
1247 424 1297 500 lv,
1319 427 1424 487 1288.

1084 557 1136 663 γδιρ
1149 554 1183 614 τθ
1196 554 1318 634 ξύνεγγυς
1329 556 1374 615 καί
1387 578 1437 636 περ
1438 555 1449 614 8
1461 554 1542 628 αὖτλν
1562 555 1626 641 ἔσχε
1638 554 1772 629 κατήκοα,
1793 556 1861 616 ἀλλὰ
1906 550 1907 605 f

1084 666 1130 701 και
1120 643 1225 722 Συρία
1237 652 1311 702 πᾶσα
1324 642 1369 702 καί
1383 642 1516 720 Αἴγυπτος
1528 643 1610 715 αὐτήν
1622 641 1713 703 ἐδεδίει
1724 667 1774 702 και
1763 645 1863 726 φόρον

1084 730 1187 839 ἐτήσιογ
1197 730 1338 802 κατέόαλε,
1345 736 1445 808 μισθοῦ
1454 731 1502 803 τήν
1516 732 1623 812 είρήνην
1635 733 1775 809 ῶνουμίνη
1786 733 1861 812 παρδι

1083 823 1130 879 τοῶ
1138 819 1236 890 ταύτης
1244 825 1410 930 κρατρῧντος·
1420 820 1540 880 ναυτικόν
1551 844 1578 880 τε
1587 810 1674 900 γθρ
1648 843 1704 899 ειχε
1712 822 1761 880 καί
1771 820 1860 901 ἔτρεφε

1083 907 1258 983 λόγουάξιον,
1273 908 1319 967 καί
1336 908 1586 1018 τριήρειςέκὲκτητο
1596 908 1800 979 πλείστας,τδς
1814 911 1860 986 μίν
1906 928 1907 971 1

1082 994 1221 1072 πλοίμους,
1232 997 1279 1061 τίς
1292 996 1319 1054 δ
1334 996 1380 1054 καὶ
1394 1001 1420 1055 ἐν
1434 995 1560 1077 νεωρίοις,
1575 988 1643 1056 δι’
1623 1021 1660 1056 ων
1674 1000 1705 1058 οδ
1719 998 1802 1074 μόνον
1814 996 1907 1104 τὴγ
1906 996 1907 1041 3

1082 1106 1133 1142 κατ
1133 1083 1232 1155 ἀιἰτήν
1244 1085 1389 1155 θάλασσαν,
1404 1085 1472 1145 8888
1482 1083 1585 1156 καλτήν
1598 1108 1651 1144 κατ
1651 1085 1807 1163 Ἀἴγυπτον
1816 1109 1859 1145 και
1906 1090 1907 1155 J

1106 1173 1181 1252 ιιρίαν
1195 1170 1285 1244 καλδὴ
1302 1196 1347 1231 και
1337 1171 1464 1243 ’Διόύην
1479 1162 1535 1251 εἶχε
1549 1171 1754 1250 δουλοισαμένη·
1768 1182 1854 1234 πᾶσαν
1906 1158 1907 1237 ί

1081 1195 1138 1340 γίιρρ
1153 1260 1236 1332 αὐτήν
1259 1259 1375 1332 ἐληίζετο
1388 1260 1435 1319 καί
1455 1260 1558 1341 ἐπόρθει
1575 1260 1725 1339 λῃστείαις,
1751 1261 1818 1333 ἕως,
1835 1263 1860 1327 ίς
1906 1310 1908 1339 ,

1080 1347 1139 1415 τοὺς
1156 1346 1211 1416 δί’
1199 1345 1297 1407 εκείνου
1317 1352 1365 1419 τῆς
1382 1350 1467 1455 ἀρχῆς
1488 1347 1687 1426 μεταπεσούσης
1707 1348 1781 1409 κατὰ
1800 1340 1860 1408 διει-
1906 1364 1907 1441 ι

1082 1433 1163 1516 δοχὴν
1190 1436 1236 1495 καί
1260 1434 1329 1495 κατίι
1356 1437 1449 1516 μικρὸν
1475 1437 1727 1514 ἐλασσουμίνης
1689 1461 1730 1518 τῳ
1755 1437 1857 1518 χρόνῳ,

1081 1527 1133 1582 τῶν
1156 1542 1185 1582 τε
1203 1521 1393 1603 τουβασιλίως
1407 1524 1559 1601 προγόνων,
1575 1525 1644 1582 ἀλλὰ
1666 1522 1699 1595 δή
1714 1525 1810 1583 καθ’
1781 1528 1859 1584 αυτοῦ

1082 1634 1127 1669 του
1110 1608 1360 1692 βασιλεως,τδ
1362 1608 1423 1677 α’τος
1434 1610 1530 1682 δη
1497 1634 1543 1683 της
1557 1616 1607 1670 καθ
1609 1576 1907 1678 αθτοθςθαλάσσπς

1082 1698 1200 1777 σχόντων
1210 1697 1255 1757 καί
1266 1698 1355 1759 πάντα
1367 1698 1400 1758 τὰ
1411 1699 1496 1776 ταύτῃ
1509 1699 1731 1775 δουλωσαμίνοιν,
1744 1698 1907 1811 κατίστη,

1082 1785 1128 1845 καί
1148 1784 1216 1859 αύτη
1241 1786 1309 1862 μετὰ
1338 1788 1390 1842 τῶν
1413 1787 1500 1845 ἄλλων
1524 1793 1654 1855 κατήκοος
1678 1787 1787 1863 βασιλεῖ
1816 1784 1858 1846 καὶ
1906 1742 1907 1859 ί

1082 1873 1303 1954 φόρουθποτελής
1316 1871 1418 1933 καινῶν
1431 1873 1563 1945 ἐδουλώθη
1576 1873 1693 1940 τελείως.
1710 1876 1769 1935 Καὶ
1781 1880 1859 1934 ταῦτα
1906 1874 1907 1923 ί

1082 1960 1129 2036 μίν
1142 1959 1221 2022 οὕτω.
1906 1968 1907 1987 ³

1122 2047 1198 2110 xlv.
1215 2045 1346 2116 Βασιλεύς
1367 2048 1457 2119 δὲτὴν
1472 2047 1675 2111 Κωνσταντίνου
1700 2049 1857 2111 καταλαόίιν

1083 2137 1277 2207 Μιτυληναίους
1292 2135 1340 2213 μίν
1364 2140 1390 2197 ἐν
1407 2136 1499 2197 ἐνθ’
1462 2160 1534 2218 χωρ
1506 2162 1543 2216 ρον
1556 2138 1706 2206 καθίζει
1671 2162 1722 2211 της
1742 2138 1855 2209 πόλεως,
1906 2156 1907 2201 ι

1083 2222 1184 2289 δοθς’
1155 2228 1240 2283 αυτῶν
1257 2233 1310 2292 τοῖς
1321 2224 1375 2328 μίν
1388 2226 1488 2298 οἰκίας,
1502 2229 1556 2292 τοῖς
1571 2225 1646 2285 δέ·”
1607 2248 1695 2306 χωρον
1716 2225 1777 2284 κατ’
1789 2228 1854 2285 8888-

1083 2311 1166 2390 δομὴν
1181 2312 1334 2391 οίκων,
1292 2336 1346 2380 τοις
1360 2312 1387 2372 88
1402 2314 1507 2374 ἄλλοτε
1523 2305 1560 2372 ὧν
1576 2312 1705 2395 ἔχρῃζον·
1721 2317 1832 2392 Νικοριζ
1818 2318 1857 2383 ζον

1083 2400 1148 2458 δὲ
1100 2423 1169 2459 τον
1185 2400 1285 2459 τούτοιν
1299 2401 1463 2481 ήγεμόνα’
1432 2425 1490 2461 τοτε
1504 2402 1551 2478 μὲν
1565 2404 1683 2483 καθεῖρξε
1697 2404 1726 2461 ίν
1741 2404 1858 2484 φυλακῇ,
1906 2400 1908 2445 8

1084 2487 1219 2567 μικρδνδὲ
1230 2489 1377 2597 θστερογ’
1362 2490 1498 2550 απέκτεινε
1512 2490 1545 2549 δι’
1559 2490 1655 2556 αἰτίας.
1675 2490 1858 2558 Αὐτδςδίκε·
1906 2452 1907 2539 8

1083 2574 1187 2633 λεύει·
1163 2575 1286 2655 τοτάχος
1298 2577 1365 2656 πρὸς
1379 2586 1437 2644 ταῖς
1451 2576 1541 2644 οὔσαις
1554 2577 1687 2639 ναυσί
1647 2601 1691 2636 και
1707 2576 1799 2655 ἐτέρας
1812 2578 1858 2637 οὐκ
1906 2578 1907 2639 8

1083 2664 1174 2739 ὀλίγας
1188 2670 1397 2743 ναυπηγεῖσθαι,
1414 2664 1460 2724 καί
1475 2665 1596 2724 ναυτικὸν
1609 2664 1727 2742 ἐκλέγειν
1739 2667 1780 2724 ὅτι
1790 2663 1856 2724 πολθ

1081 2751 1145 2829 πρὸς
1163 2753 1260 2825 ταύτην
1273 2755 1319 2811 καί
1338 2752 1420 2829 μόνην
1436 2753 1485 2824 τήν
1505 2754 1649 2833 ὑπηρεσίαν
1669 2752 1855 2833 ἐκτιταγμίνον

1080 2843 1110 2898 ἐκ
1136 2840 1224 2910 πάσης
1254 2844 1301 2909 τῆς
1324 2843 1412 2900 αὐτοῦ.
1455 2840 1488 2921 (ε)
1503 2845 1559 2913 Τής
1584 2843 1641 2922 ιγδιρ
1665 2844 1800 2915 θαλάσσης
1826 2843 1855 2900 τὸ
1906 2862 1907 2881 ¹

1079 2927 1173 3006 κράτος
1187 2929 1255 3005 μίγα
1269 2932 1351 3010 δρῶν,
1365 2929 1411 2989 καί
1427 2929 1458 2988 τδ
1469 2933 1521 2989 ’τῶν
1536 2930 1645 2991 Ἰταλῶν
1660 2931 1783 2992 ναυτικδν
1794 2930 1855 2989 πολθ

1081 3015 1110 3075 δν
1131 3018 1177 3075 καί
1189 3019 1288 3091 ταύτης
1302 3021 1475 3098 ἐπικρατοῦν,
1487 3022 1539 3078 τῶν
1555 3042 1583 3078 τε
1598 3023 1624 3079 ἐν
1646 3022 1755 3100 Αἰγαίῳ
1771 3014 1851 3091 νήσων

1080 3104 1190 3165 ἁπασῶν
1205 3107 1286 3185 ἄρχον
1309 3110 1355 3167 καὶ
1372 3105 1489 3184 βλάπτον
1502 3105 1550 3178 τήν
1568 3111 1648 3166 αὑτοῦ
1669 3107 1804 3189 παραλίαν
1826 3109 1853 3164 88
1906 3172 1907 3179 ,

1082 3198 1196 3274 μικρῶς,
1211 3193 1363 3264 Ἀσιανήν
1347 3194 1433 3253 ικαί
1445 3195 1621 3277 λυρωπαιαν
1635 3196 1682 3255 καί
1694 3197 1811 3273 μαλιστα
1821 3194 1850 3264 δή
1906 3210 1908 3247 ι

1083 3281 1112 3340 τὸ
1142 3286 1194 3341 τῶν
1221 3282 1392 3409 Ἐνετῶν,ἐ
1379 3282 1502 3343 ἐόούλετο
1525 3289 1602 3344 τοῦτο
1627 3287 1750 3344 κωλῦσαι
1770 3282 1907 3369 τρόπον,
1906 3252 1907 3321 8

1080 3370 1176 3444 παντί,
1191 3370 1237 3428 καί
1261 3368 1398 3448 ξυμπάσης
1422 3372 1489 3447 μὲν,
1510 3371 1535 3430 τί
1553 3394 1583 3482 γε
1604 3371 1714 3433 δύναιτο
1724 3376 1795 3449 της
1807 3376 1851 3430 θα
1906 3382 1907 3389 ’

1079 3457 1181 3531 λάσσης
1202 3462 1334 3538 ἐγκρατῶς
1358 3458 1375 3516 8
1377 3458 1450 3539 Εαι
1467 3459 1566 3518 εἷδΗ
1541 3483 1588 3533 ου,
1602 3459 1718 3529 ἐκείνους
1739 3463 1850 3519 κωλῦσαι

1081 3547 1235 3625 κακουργεῖν
1256 3548 1304 3617 τὴν
1328 3554 1415 3607 αὑτοῦ.
1439 3550 1491 3608 Διοί
1514 3572 1554 3608 τοι
1579 3553 1657 3608 τοῦτο
1682 3547 1806 3609 ναυτικόν
1824 3569 1850 3605 τι

1078 3632 1188 3692 ἔσπευδε
1212 3633 1390 3707 ξυστήσασθαι
1419 3635 1489 3714 μίγα
1516 3638 1562 3695 καὶ
1588 3640 1636 3709 τῆς
1670 3632 1804 3709 θαλάσσης
1822 3633 1851 3693 τθ
1906 3674 1907 3717 γ

1078 3721 1172 3802 κράτος
1187 3727 1272 3802 σχεῖν.
1315 3722 1348 3804 (ι)
1361 3724 1438 3784 Μετὰ
1453 3723 1481 3783 88
1500 3730 1578 3784 τοῦτο
1594 3723 1681 3793 ἔδοξεν
1697 3729 1769 3806 αύτῷ
1790 3745 1847 3783 σκο-
1906 3726 1907 3795 ί

1079 3811 1202 3891 πουμίνῳ
1213 3810 1353 3891 κράτιστον
1373 3803 1439 3871 ε’ίναι
1452 3814 1497 3872 καί
1511 3817 1564 3872 τῶν
1579 3812 1681 3895 σφόδρα
1702 3812 1850 3891 ἀναγκαίων
1906 3824 1907 3845 0

1078 3898 1167 3957 τόντε
1191 3904 1236 3957 τοῦ
1258 3898 1456 3971 Ἑλλησπόντου
1478 3900 1524 3958 καί
1546 3902 1717 3980 Χερρονήσου
1738 3897 1850 3980 πορθμὸν
1906 3934 1907 3981 γ

1078 3987 1211 4067 φρουρίοις
1233 3991 1416 4065 ἐρυμνοτάτοις
1436 3989 1570 4048 διαλαθεῖν
1600 3990 1778 4069 ἑκατέρωθεν,
1802 3986 1843 4045 καὶ

1079 4073 1123 4141 τδις
1156 4076 1279 4154 ήπείρους
1313 4074 1463 4157 ἀμφοτέρας
1493 4077 1617 4158 ξυνάψαι,
1643 4078 1733 4137 Ἀσίαν
1759 4100 1787 4135 τε
1810 4072 1852 4132 καὶ
1906 4102 1907 4111 ¹

252 4296 327 4344 λωσία
346 4297 463 4359 παραδοὺς
484 4299 546 4348 text.
560 4298 613 4361 ΙΙ·-
626 4297 641 4361 §
654 4302 691 4348 11.
708 4299 795 4361 Σάμιον
811 4296 890 4362 Ἇλήν]
906 4296 1068 4348 θίιοίσοοοηθ.
1081 4310 1105 4359 p.
1122 4301 1176 4355 526,
1193 4302 1251 4348 87.
1268 4298 1428 4361 ἐγκαθίστη..
1444 4301 1547 4364 ἄρχοντα
1566 4301 1644 4349 αὐτῶν
1660 4305 1703 4350 τοῦ
1721 4295 1855 4360 Σαμλιάτιο»
1906 4312 1907 4371 γ

252 4369 337 4428 παῖδα,
351 4369 406 4416 ἄνδε
396 4368 565 4431 αέπίαημον,
576 4368 605 4418 ου
616 4386 656 4418 τον
667 4385 758 4428 πατερα
773 4369 797 4417 ἐν
817 4374 866 4425 ταῖς
883 4369 1000 4430 βασιλέως
1018 4370 1096 4431 θύραις
1125 4368 1254 4418 ἀκούειν
1242 4372 1393 4428 οεκαιοσύνης
1412 4372 1538 4435 αριστον
1518 4372 1620 4431 δτυθομ
1609 4372 1665 4429 θα
1679 4372 1720 4419 καὶ
1739 4363 1850 4423 δίκαςδι·
1906 4374 1907 4407 0

254 4452 362 4487 κεσαυτα
383 4438 478 4499 ἄριστον
496 4438 590 4487 πάντων
606 4439 667 4497 ὀὴ“
653 4457 687 4488 ων
700 4443 783 4503 ἡμεῖς*
778 4456 854 4501 ισμιν.
872 4438 903 4489 18
914 4437 994 4501 fallor
1014 4449 1103 4487 nornen
1120 4438 1168 4487 viri
1184 4440 1238 4488 tum
1256 4439 1322 4503 apud
1338 4440 1494 4491 critobulum
1514 4446 1567 4492 1818
1587 4438 1652 4505 apud
1672 4434 1849 4496 chaleocoudy·
1906 4424 1907 4473 ί

252 4506 303 4558 lam
317 4513 461 4573 corruptum
476 4513 522 4560 est.
542 4512 570 4562 ln
586 4511 713 4560 Crntobulo
724 4509 893 4573 corngendum
900 4507 1123 4591 Γορτῑιιιεστοὶμιον
1138 4511 1218 4568 Ἁλὴν,
1229 4510 1295 4573 apud
1307 4510 1394 4560 ῦίιοΙο
1405 4525 1484 4561 vero:
1498 4513 1527 4560 ᾰα
1517 4528 1571 4574 χο·
1564 4528 1602 4560 τα
1612 4511 1714 4576 αυτων[
1724 4505 1834 4572 ιλην]
1814 4522 1850 4555 τον
1906 4530 1907 4555 8

254 4581 429 4642 Βεοταμιάτεω.
449 4581 624 4643 Intenigendus
647 4583 689 4632 Ali
705 4584 832 4639 Βοείαιιιί,
846 4582 885 4630 vir
895 4580 959 4643 juris
972 4580 1125 4643 aliarumque
1143 4580 1301 4631 scienliarum
1318 4582 1455 4645 cognitione
1469 4582 1657 4641 celeberrimus,
1673 4581 1850 4641 multorumque
1906 4606 1907 4647 γ

254 4651 401 4713 scriptorum
427 4656 521 4715 auctor,
539 4653 610 4715 cujus
627 4655 755 4704 sententiae
773 4653 880 4702 innitens
900 4651 1064 4701 Μιοίιοιιιοιαε
1090 4652 1235 4705 Bosniorum
1256 4664 1339 4715 regem
1357 4656 1444 4703 contra
1459 4653 1544 4703 datam
1566 4666 1581 4701 8
1600 4653 1761 4702 Maehumute
1783 4648 1850 4699 8888
1906 4656 1907 4717 γ

254 4722 374 4785 supplicio
394 4723 490 4774 affecit.
502 4723 618 4775 Celerum
636 4726 754 4776 Βεείαιιιί
772 4725 869 4773 nomine
883 4736 931 4773 ιιοιι
942 4726 1012 4785 pater
1031 4723 1074 4772 sed
1091 4723 1172 4786 patria
1181 4722 1316 4783 indicatur,
1335 4722 1429 4772 scilicet
1444 4722 1562 4773 oriundus
1584 4722 1621 4771 vir
1632 4725 1712 4773 οιεῑο
1728 4721 1800 4774 Βατία
1808 4729 1851 4781 op·
1906 4726 1907 4791 γ

254 4792 311 4855 pido
325 4797 410 4845 Hera(
428 4793 566 4859 provincioe.
580 4798 611 4845 V.
625 4798 777 4853 Hammer2
790 4808 815 4859 p
832 4798 861 4844 77
871 4798 896 4844 ει
910 4798 963 4841 551
985 4791 1115 4855 88-§18
1131 4796 1172 4851 τὴν
1191 4791 1391 4857 στρατιὰ·]ιιιρο,
1404 4795 1444 4843 τὸν
1463 4794 1561 4857 στρατόν
1572 4797 1633 4843 text
1906 4806 1907 4813 ’

290 4865 418 4929 x111.§2.
436 4864 785 4931 ίίομῶν]ιιιμο,ββρίθωνίοιί
805 4862 926 4928 88—§3
938 4862 991 4927 νῦν]
1008 4876 1073 4923 ιιιεςο,
1085 4865 1149 4920 τέλος
1160 4867 1222 4914 text.
1906 4892 1907 4909 ι

284 4937 351 4989 xlv
364 4935 413 5000 §8
429 4934 578 4998 Νικορίπζον
582 4936 628 4985 ,δι’
646 4938 720 4985 αιτία
711 4934 801 5001 ,]ad‹l.
819 4948 910 4999 margo.
926 4936 962 4983 De
977 4935 1177 4985 causisnecisv.
1194 4935 1307 4986 Chalcus.
1318 4948 1343 4999 p.
1364 4942 1419 4987 528
1437 4937 1448 5001 ΙΙ
1464 4939 1592 4987 -κελιύιι
1606 4927 1844 4998 ναυπηγεῖσθαιθίοή
1906 4984 1907 4991 ,

256 5010 371 5063 Chalcoc.
386 5021 410 5071 p.
428 5010 483 5065 588,
501 5010 536 5055 6.
550 5007 632 5057 Κατ
610 5024 650 5057 τοι
668 5009 709 5069 μὲν
728 5006 1118 5071 χειμῶνκ(1462)ἐνιζθυαιτὶῳ
1136 5008 1380 5069 διατρίὸωιναυτικόν
1398 5025 1424 5058 τε
1437 5011 1574 5071 εξηρτυττο
1594 5010 1635 5057 καί
1656 5011 1679 5064 ἐς
1692 5009 1732 5056 τὸν
1745 5006 1844 5058 Εῠῖεινο0
1906 5002 1907 5027 8

254 5081 312 5129 πόντ
314 5097 338 5128 ον
353 5080 504 5138 ἐναυπηγεῖτο
517 5080 615 5142 τριήρεις
626 5078 686 5139 ἀμφ
702 5079 743 5132 τὰς
757 5078 895 5140 τριάκοντα,
907 5093 948 5124 και
940 5077 1093 5141 σίκοδομων
1104 5095 1173 5134 υαου
1187 5094 1213 5127 τε
1230 5096 1270 5126 και
1262 5078 1393 5141 βασίλεια
1413 5081 1504 5130 ἐπινόει
1497 5082 1556 5137 τὴν
1570 5073 1846 5138 Βυζαντίουπόλιναθτῷ
1906 5078 1907 5099 ³

257 5152 288 5202 εἷς
299 5148 438 5196 τὰντυτικδι
455 5147 564 5212 εὐπορίαν
582 5150 735 5212 παρέξεσθαι,
748 5150 811 5198 ὥστε
825 5148 975 5208 ἄξιονὛιόνου
988 5166 1096 5198 ναυτικο
1122 5152 1146 5205 ἐς
1164 5152 1206 5207 τήν
1220 5110 1341 5199 θάλαίισαν
1367 5152 1532 5213 ἐξαρτύεσθαι·
1545 5152 1630 5214 τῇγάρ
1644 5151 1751 5209 θαλάσση
1765 5142 1846 5205 ῖογιῖο·

256 5236 323 5281 μενςο
333 5219 481 5278 εὕριακινὼς
496 5220 516 5268 ει
528 5218 692 5283 επικρατηττε
707 5222 762 5281 δαον
774 5235 839 5268 αντω
857 5235 970 5280 παραχω
965 5237 1038 5269 νσιιν
1049 5238 1088 5268 ναι
1101 5223 1191 5269 ατῶν
1203 5223 1264 5269 πο)
1248 5222 1328 5270 αίων.
1344 5220 1394 5285 ΙΙ-
1406 5221 1458 5285 §2
1472 5224 1511 5271 καί
1523 5222 1659 5283 μαλιστα
1635 5238 1663 5270 το
1673 5225 1721 5269 των
1733 5207 1843 5271 Ἐνετῶν]
1906 5246 1907 5283 3

257 5272 948 5354 088'8888888853810.11-§3.Derecf.'(388818.p
965 5293 1019 5352 528,
1033 5297 1060 5341 18
1071 5304 1135 5354 sqq
1149 5293 1274 5342 Ηοιιιιοοι.
1288 5298 1311 5351 2,
1324 5306 1348 5356 p
1360 5297 1399 5343 73.
1412 5293 1468 5357 ΙΙ-
1440 5293 1638 5345 ,ισιαιτεκαί
1652 5278 1845 5355 Εο,ω·τν]000»
1906 5316 1907 5347 ι
