3838 6030
260 370 322 461 rso

257 512 322 559 rent
333 500 435 558 l’eutre
448 518 485 557 su
504 500 573 557 midi
589 500 625 557 de
645 500 673 555 le
694 500 786 556 meme
799 499 880 570 ville,
901 499 928 554 le
950 499 989 555 ou
1006 499 1034 554 le

935 362 1181 428 AGATHANGE.

1088 498 1134 553 «ll
1144 514 1181 573 ue
1193 514 1263 575 rous
1272 488 1406 551 contient
1418 512 1467 570 px.
1480 493 1514 550 de
1526 513 1598 550 vous
1612 513 1648 550 en
1663 496 1860 570 approeheret

257 589 422 663 suptrieure
435 586 542 645 Geiene
557 587 669 644 souffrit
681 589 708 644 le
722 599 858 662 martyre,
874 597 904 643 et
915 588 944 643 ln
958 588 1033 644 troi-
1085 584 1122 641 de
1136 585 1176 642 les
1195 583 1419 659 toucher,psree
1431 602 1488 665 que
1500 603 1573 640 vous
1590 583 1680 640 n’eites
1694 602 1746 659 pus
1756 603 1860 642 eucooe
1894 652 1895 655 γ

259 677 345 734 sienne
357 676 422 752 pris
436 674 472 731 de
486 678 512 733 ln
529 695 647 735 resserre
659 676 708 733 des
721 695 816 747 cures,
830 676 899 733 dens
910 676 936 731 le
949 678 1034 751 vigne
1085 675 1196 749 guttis,
1217 674 1248 729 ni
1267 669 1383 748 purifies
1406 689 1460 746 per
1478 673 1503 729 le
1526 672 1673 749 bepttme.
1690 697 1703 723 ι
1719 674 1860 748 Iorsqn’il

260 763 299 819 σὺ
308 765 377 820 ἐῑοίι
387 763 451 819 leur
464 763 623 820 habitetion
636 762 686 841 (r).

1087 764 1154 819 erait
1166 762 1307 818 rensermt
1321 762 1396 831 seul,
1409 761 1430 816 il
1447 762 1530 836 plana
1550 763 1678 818 cheeune
1697 765 1747 820 des
1758 764 1861 819 saintes

301 851 331 927 [§
343 849 425 928 rum]
436 851 473 906 lls
483 853 523 908 les
534 853 757 921 construisirent,
764 854 804 909 les
812 853 999 922 embellirent,
1007 865 1035 909 et
1087 852 1158 907 dens
1167 870 1223 907 une
1236 850 1325 907 coisse
1337 851 1469 924 stpsrte,
1484 861 1514 906 et
1526 851 1546 905 il
1553 849 1708 907 l'enserelit
1721 871 1791 908 avec
1799 854 1861 908 suin

261 941 299 996 les
309 938 443 997 ornerent
457 939 492 995 de
506 941 612 1017 lampes
626 938 691 997 d’or
704 952 732 998 et
746 939 874 1016 d'argent
886 959 949 998 sens
961 960 1036 1000 cesse
1088 940 1159 996 daus
1171 958 1228 996 une
1252 939 1342 1007 robe;
1365 939 1431 1014 puis
1451 940 1471 993 il
1486 941 1538 993 ruit
1558 938 1655 997 dessus
1675 941 1703 995 le
1721 943 1803 1015 signe
1824 940 1861 996 du

261 1029 410 1097 sllurnies,
433 1026 470 1083 de
492 1029 595 1102 grands
617 1029 715 1085 lustres
744 1029 973 1103 resplendissants
1000 1025 1036 1082 de
1088 1028 1190 1086 Christ.
1209 1026 1339 1084 Pendsnt
1352 1046 1384 1084 ee
1405 1027 1550 1102 temps-lit,
1572 1028 1599 1083 le
1612 1030 1674 1098 roi,
1691 1030 1731 1084 les
1750 1030 1864 1104 princes

263 1115 380 1172 lurniire
407 1124 436 1170 et
462 1116 620 1190 &galement
647 1117 683 1173 de
714 1117 897 1174 conde'labres
922 1116 1037 1172 brfilant

264 1217 400 1277 touJours.

615 1326 685 1385 civ.

215 1462 220 1469 ‘
304 1458 338 1516 Et
353 1457 373 1512 il
387 1455 558 1512 commenda
568 1456 654 1530 qu’on
668 1456 701 1511 lit
714 1474 790 1530 pour
806 1457 931 1514 chaeune
945 1458 1039 1516 d'elles

264 1565 319 1602 une
331 1548 417 1603 ceisse
429 1545 537 1602 debeis
556 1545 592 1600 de
609 1541 706 1621 sapin,
725 1562 793 1600 erec
806 1545 841 1601 de
859 1545 946 1603 fortes
963 1559 1038 1604 attu-

264 1636 330 1691 clres
347 1644 374 1690 et
384 1632 432 1689 des
443 1634 601 1707 garnitures
612 1632 647 1687 de
660 1633 713 1691 ier.
726 1633 842 1707 chaque
857 1636 941 1691 caisse
956 1648 1041 1711 ayant

265 1723 308 1778 itt
317 1721 456 1796 pripsrte
465 1721 578 1775 suivant
589 1738 632 1775 ses
641 1719 740 1775 ordres
748 1759 757 1789 ,
766 1721 801 1776 ils
810 1723 849 1776 les
863 1722 1011 1796 portlrent
1023 1725 1039 1782 t

1090 1116 1129 1172 du
1143 1134 1211 1191 sung
1229 1128 1258 1171 et
1272 1128 1336 1172 tous
1349 1117 1388 1172 les
1402 1115 1522 1191 grands,
1543 1117 1582 1172 les
1595 1128 1733 1192 senepes,
1754 1119 1795 1173 les
1808 1137 1861 1172 no-

1090 1204 1150 1261 bles
1163 1216 1191 1261 et
1204 1214 1284 1260 toute
1308 1204 1438 1280 l’srrne'e,
1453 1204 1638 1279 apponerent
1656 1205 1709 1261 des
1726 1216 1863 1262 erometes

1092 1292 1293 1364 odoriferants,
1309 1293 1348 1349 du
1361 1312 1418 1367 pur
1431 1311 1550 1367 eucens,
1565 1293 1615 1350 des
1637 1294 1739 1351 &tofles
1753 1295 1789 1350 de
1807 1296 1862 1350 soie

1092 1382 1128 1437 de
1137 1380 1260 1437 diverses
1273 1382 1404 1437 couleurs
1415 1393 1444 1438 et
1458 1381 1507 1438 des
1521 1383 1602 1437 tissus
1614 1381 1687 1438 d'or.
1703 1383 1738 1440 Et
1748 1384 1777 1439 la
1788 1383 1863 1439 reine

1091 1481 1119 1525 et
1130 1469 1170 1525 les
1184 1470 1346 1543 princesses,
1357 1470 1396 1525 les
1405 1470 1520 1527 femmes
1534 1468 1584 1525 des
1592 1470 1698 1545 munds
1708 1483 1738 1527 et
1746 1472 1786 1527 les
1797 1470 1863 1526 filles

1092 1557 1140 1612 des
1152 1558 1266 1626 nobles,
1289 1557 1473 1633 appot-terent
1496 1559 1545 1614 des
1568 1560 1652 1615 robes
1676 1558 1714 1615 de
1741 1578 1863 1636 pouqtre

1092 1647 1184 1701 tisstes
1197 1644 1270 1716 d’or,
1284 1646 1334 1721 des
1352 1648 1432 1702 tissus
1451 1647 1531 1702 bleus
1550 1657 1579 1702 et
1597 1647 1697 1703 blancs
1715 1667 1827 1704 comme
1840 1650 1862 1702 ls

1064 1770 1068 1843 γ
1093 1735 1275 1809 neige‚pour
1284 1734 1324 1789 les
1334 1745 1494 1791 ornements
1504 1735 1625 1791 destints
1635 1755 1692 1791 aux
1702 1738 1813 1794 saintes.
1824 1739 1863 1793 On

265 1810 380 1866 l'entrte
389 1809 425 1866 de
439 1809 593 1865 laresserre
604 1808 654 1865 des
664 1828 761 1878 cures,
775 1809 1041 1868 deventseinttGre·
1065 1846 1068 1909 γ
1094 1824 1222 1879 ρῃςηςςηῑς
1235 1821 1297 1886 t’or,
1326 1822 1442 1898 i'argent
1455 1835 1482 1879 et
1501 1824 1540 1880 les
1551 1825 1650 1896 tissus,
1666 1824 1722 1880 ilo
1735 1835 1819 1900 porte
1832 1826 1862 1881 de

265 1900 355 1974 goire.
367 1895 491 1958 Celui-ei
502 1899 541 1954 les
548 1899 621 1972 prit,
630 1908 712 1954 entra
724 1898 785 1954 seul
795 1896 864 1955 dans
873 1900 900 1954 lo
910 1917 1041 1968 resserre,
1065 1922 1068 1953 τ

265 1999 293 2043 et
304 2006 340 2043 no
359 1988 463 2062 perluit
474 1985 490 2042 t
503 2005 596 2042 aucun
608 1998 690 2043 autre
704 1986 752 2061 θ’]
765 1987 909 2062 penetret,
928 1988 1018 2044 disant
1034 2005 1041 2046 ε
1065 1968 1070 2037 Ι

296 2167 331 2233 (i)
340 2170 387 2218 Les
395 2166 484 2232 eglises
490 2166 535 2218 des
543 2167 635 2217 saintes
645 2166 781 2232 liripsimt,
792 2168 883 2219 Gsisnt
893 2170 919 2218 et
928 2167 960 2220 de
972 2170 1039 2220 leurs

266 2251 414 2303 conregnes
426 2241 469 2288 out
481 2238 521 2289 tlt
532 2239 629 2289 tientes
645 2239 748 2302 spetite
757 2239 869 2290 distance
881 2239 913 2290 do
925 2240 1040 2291 i'endroit

266 2311 299 2360 ou
315 2322 342 2362 se
354 2309 467 2360 dressent
480 2309 654 2360 setuellement
663 2310 700 2360 les
709 2310 888 2361 constitutions
899 2310 933 2361 (lu
945 2311 1046 2362 otltbre‘

266 2381 405 2431 monestere
417 2378 628 2439 munietur,
644 2379 770 2431 resideres
788 2380 823 2431 dn
845 2381 979 2433 estholieos
996 2382 1041 2433 cles

267 2450 410 2502 tnnc-niens
418 2448 563 2509 distineris,
576 2452 759 2515 ehel'suprtnre
777 2452 808 2502 tle
821 2452 844 2501 ls
860 2452 971 2517 religion.
985 2453 1037 2503 Πέ-

266 2522 327 2587 glise
336 2522 466 2573 oonsssrie
476 2522 491 2572 i
500 2521 577 2573 seinte
584 2523 677 2572 Getone
688 2537 703 2572 s
716 2522 756 2573 tte
765 2523 900 2573 construite
908 2537 954 2588 per
965 2524 988 2574 le
1002 2537 1040 2573 oe·

267 2593 373 2643 tholieos
385 2593 477 2643 Enlrss
487 2608 520 2642 ou
538 2595 583 2643 lizr
601 2607 631 2644 eu
650 2598 708 2649 θθο.
721 2597 748 2643 et
759 2594 858 2655 reperte
874 2608 917 2656 μοι·
931 2593 1041 2657 Philipps

270 2768 312 2824 ρον
337 2747 386 2816 τῆς
405 2742 589 2821 σωτηριώδους
613 2742 842 2826 χάριτοςγέκπέρῃ
870 2747 917 2814 τῆς
937 2743 1039 2810 ίάσιως.

270 2831 496 2908 Ἐξεδωμάτωσαν
510 2830 538 2891 δὲ
550 2831 625 2899 ναοὺς
644 2839 729 2911 τρεῖς,
744 2831 790 2890 ἕνα
806 2834 832 2891 ἐν
847 2834 900 2898 τοῖς
920 2834 1043 2911 βοριινοῖς

271 2919 361 3003 μέρεσι
370 2919 439 2979 κατίι
453 2920 582 2987 ἀνατολάς
594 2924 641 2990 τῆς
650 2920 765 2987 πόλεως,
780 2920 841 2978 ἔνθα
856 2918 1041 3000 ἐμαρτύρησαν

271 3014 294 3069 οἱ
306 3010 370 3089 (eli)
386 3009 446 3090 περὶ
458 3010 507 3083 τὴν
519 3009 595 3088 άγίαν
611 3008 738 3091 Ῥιψίμην
749 3009 890 3089 τριάκοντα
902 3016 984 3088 τρεῖς,
999 3009 1042 3067 τὸν

271 3099 297 3158 δὲ
308 3096 394 3180 ίτερον
406 3100 432 3157 ἐν
441 3106 495 3165 τοῖς
506 3097 597 3178 μέρεσι
606 3103 650 3157 τοῦ
667 3098 752 3170 νότου,
761 3098 822 3157 ἔνθα
833 3095 1014 3178 ἐμαρτύρησεν
1025 3101 1043 3167 ἡ

272 3192 317 3259 τῆς
330 3187 404 3265 ἁγίας
418 3187 512 3268 τρορός
522 3186 623 3257 Γαιανὴ
637 3184 704 3263 μετά
717 3189 769 3245 τῶν
784 3191 862 3265 τριῶν
872 3188 953 3258 αὐτῆς
968 3189 1044 3244 ἐται-

273 3280 333 3353 ρῶν,
345 3276 388 3333 τόν
403 3274 430 3332 δέ
443 3274 529 3354 τρίτον
544 3274 618 3353 παρά
628 3273 671 3332 τὸν
682 3276 760 3344 ληνὸν
774 3276 800 3332 ἐν
812 3271 886 3353 μέσῳ
899 3279 946 3333 τοῦ
959 3276 1043 3351 ἀμπτ-

271 3365 361 3437 λῶνος,
379 3361 444 3421 ὅπου
454 3364 484 3421 τὸ
493 3360 617 3442 πρότερον
632 3366 749 3442 ύπῆργιν
765 3363 850 3421 αὐτῶν
866 3360 1041 3440 ἡκαταμονή,

313 3452 329 3527 S
352 3471 415 3509 ιτα.
439 3449 670 3524 Οίκοδομήσαντες
684 3450 711 3507 δὲ
722 3448 781 3515 τσλς
791 3450 883 3516 τόπους
893 3449 1045 3526 ἐκόσμησαν

273 3549 378 3618 χρυσοῖς
393 3538 439 3598 καί
450 3543 571 3618 ἀργυροῖς
583 3549 672 3618 ρανοῖς
686 3538 732 3596 καί
744 3539 881 3616 λαμπάσιν
892 3537 1045 3610 ἀσόέσιοις,

274 3627 318 3686 καί
329 3626 446 3706 λυχνίαις
457 3626 609 3702 καιομένοις
621 3624 774 3693 διαπαντός.
795 3623 947 3706 Προσέταξε
959 3624 986 3683 δέ
999 3628 1046 3683 αὖ·

274 3724 326 3781 τοῖς
345 3719 454 3787 ποιῆσαι
469 3714 515 3774 καί
528 3714 661 3793 λάρνακας
675 3714 778 3797 ἑκάστῳ
799 3714 851 3780 ἀπὸ
869 3714 981 3773 σανίδων
996 3738 1045 3772 κε-

275 3806 367 3885 δρίνων
389 3806 416 3862 ἐν
433 3810 546 3883 στερεοῖς
564 3802 638 3875 ἥλοις
655 3802 877 3880 συγκλεισθείσας·
892 3801 938 3862 καί
958 3802 1046 3863 πάντα

275 3892 344 3952 κατὰ
355 3893 385 3953 τὸ
393 3891 619 3972 προστεταγμένον
632 3893 783 3973 παραυτίκα
795 3889 956 3972 ἀπηρτίσθη.
973 3890 1045 3952 ’Eve-

275 3984 387 4060 χθιισῶν
402 3980 429 4039 δέ
447 3984 499 4040 τῶν
521 3980 660 4057 λαρνάκων
673 3980 739 4061 πρὸς
750 3979 797 4052 τὴν
809 3981 888 4061 θύραν
904 3985 949 4039 τοῦ
968 3981 1048 4049 ληνοῦ

276 4069 385 4130 ἐνώπιον
395 4074 439 4129 τοῦ
455 4069 532 4146 άγίου
541 4070 695 4151 Γρηγορίου,
708 4069 784 4137 αὐτὸς
796 4068 948 4147 καταμόνας
959 4071 1047 4140 εἰσῆλ-

276 4166 329 4237 θεν,
341 4157 377 4235 μὴ
389 4158 564 4239 συγγωρήσας
575 4160 647 4240 ἄλλῳ
662 4158 711 4217 τινί
725 4161 896 4218 συνεισελθεῖν
907 4159 990 4238 αὐτῷ.
1007 4159 1047 4217 Οὐ

277 4247 327 4328 γάρ
352 4248 407 4322 δεῖ,
428 4270 523 4331 φησιν,
552 4251 620 4324 ὑμᾶς
644 4247 843 4322 πλησιάσαντας
863 4245 1046 4327 προσπελάσαι

277 4340 380 4412 αὐτοῖς,
399 4337 481 4415 μήπω
495 4337 630 4405 ίαθέντας,
646 4336 713 4409 μηδὲ
729 4334 931 4416 καθαρισθέντας
945 4334 988 4392 διὰ
1003 4339 1048 4392 τοῦ

279 4426 469 4506 βαπτίσματος.
497 4424 581 4491 Αύτὸς
596 4423 623 4483 δέ
647 4422 737 4482 λαθὼν
758 4422 805 4490 τὰς
822 4422 956 4503 λάρνακας
977 4420 1047 4500 ἔσω,

277 4516 387 4574 ἕκαστον
400 4519 452 4574 τῶν
462 4514 545 4591 ἁγίων
559 4515 586 4573 is
598 4518 631 4593 τῇ
646 4513 700 4594 ἰδία
719 4514 833 4597 λάρνακι
847 4510 972 4573 κατέθετο
983 4556 991 4590 ,
1003 4511 1049 4573 σύν

278 4611 329 4672 τοῖς
343 4605 428 4662 αὐτῶν
444 4601 608 4682 ἐσχισμένσις
621 4602 736 4680 ἱματίοις
748 4600 931 4682 περισρίγξας,
946 4601 1048 4683 ίσρριί-

278 4714 334 4767 γισε
344 4697 377 4772 τῇ
388 4697 433 4750 τοῦ
447 4693 564 4773 Χριστοῦ
574 4692 708 4771 σφραγῖδι.
726 4689 761 4751 Ὁ
773 4690 800 4749 δὲ
817 4689 956 4771 βασιλεὺς,
967 4689 1013 4751 καλ
1026 4690 1050 4749 σί

280 4789 450 4858 μεγιστᾶνας,
468 4781 511 4839 καὶ
525 4784 538 4838 i
552 4778 676 4860 στρατὸς,
687 4778 798 4857 ἕκαστος
810 4778 966 4860 προσέφερεν
979 4779 1049 4860 μόρα

282 4866 462 4943 aientium,
480 4867 526 4927 καί
547 4866 677 4947 ἀρώματα
698 4867 743 4927 καί
765 4865 897 4945 ἐνδύματα
920 4866 1048 4948 διάφορα,

281 4952 334 5011 ἀπό
348 4954 476 5030 μεταξίων
493 4956 646 5037 ύρασμένα,
668 4956 713 5015 καὶ
726 4955 919 5035 χρυσέμπαστα
928 5002 937 5031 ,
953 4958 1049 5030 όλοση-

281 5041 352 5117 ρικά.
367 5042 446 5114 Καλὴ
461 5043 526 5120 γυνὴ
538 5049 584 5104 τοῦ
594 5043 721 5123 βασιλέως
732 5044 778 5103 καὶ
788 5043 900 5112 νεάνιδες
909 5049 955 5105 τοῦ
971 5045 1049 5103 αύτοῦ

282 5125 387 5210 γόνους,
409 5130 455 5189 καλ
471 5132 499 5189 αἱ
512 5134 565 5191 τῶν
585 5132 706 5210 μεγάλων
721 5139 841 5209 γυναῖκες
855 5131 900 5192 καὶ
914 5131 1051 5212 θυγατέρες

1093 1912 1121 1966 la
1135 1929 1253 1968 resserre
1265 1910 1314 1967 des
1326 1930 1418 1967 cures.

1097 2173 1242 2234 patriamne,
1257 2188 1287 2224 eu
1303 2180 1371 2224 1652.
1382 2203 1412 2213 -·
1433 2175 1534 2240 L’tglise
1545 2176 1577 2227 de
1597 2175 1677 2227 seinte
1694 2177 1818 2241 ilripsirne
1830 2179 1863 2226 iti

1098 2242 1164 2293 little
1176 2257 1220 2307 per
1232 2244 1256 2296 le
1267 2245 1401 2296 estliolieos
1412 2245 1529 2297 Gomidss
1540 2251 1623 2299 ensis
1630 2250 1657 2298 et
1665 2248 1766 2311 reperte
1773 2262 1804 2298 en
1812 2252 1863 2297 isit

1095 2327 1140 2377 por
1150 2313 1269 2378 Philippe.
1281 2316 1393 2379 (Stbeos,
1404 2319 1470 2368 iit-st.
1483 2316 1636 2371 {l’liitroclin
1671 2323 1711 2371 cli.
1721 2324 1760 2376 25,
1768 2333 1793 2383 p.
1802 2321 1862 2379 131.)

1096 2410 1124 2418 -
1133 2382 1169 2433 cl.
1178 2385 1483 2459 liuboisdeMontpereur,
1493 2387 1861 2451 νσμσρισυιοωυιιθαιισαση

1100 2458 1119 2505 t.
1131 2457 1176 2515 ill,
1186 2458 1528 2521 p.213.-Clielrhstouuoll,
1540 2460 1628 2513 Deser.
1641 2457 1862 2511 d’edotinsatzin

1096 2538 1127 2575 en
1138 2540 1209 2590 anu,
1220 2531 1239 2578 t.
1250 2532 1277 2590 l,
1288 2542 1341 2592 pag.
1353 2535 1407 2588 iet,
1416 2534 1461 2580 273
1469 2534 1495 2580 et
1507 2529 1607 2580 suiv:-
1624 2529 1733 2592 Bmsset,
1741 2534 1862 2597 liupporti

1098 2610 1188 2646 sterno
1208 2612 1265 2661 ιννμ
1281 2614 1311 2644 ων
1328 2604 1456 2655 ,ιιννιθυθνι
1469 2603 1511 2654 ΙΙΙ.
1530 2615 1583 2662 μοις.
1595 2603 1624 2649 82
1638 2603 1733 2654 etsu'tr

1097 2746 1294 2796 construxerunt
1305 2751 1387 2797 eutem
1398 2747 1444 2797 tris
1459 2749 1565 2812 temple,
1574 2761 1651 2798 unum
1659 2748 1685 2797 in
1699 2749 1813 2812 oannes
1824 2748 1861 2798 lio·

1098 2865 1205 2917 realibus
1222 2865 1384 2919 adorientem
1398 2868 1518 2931 uirtutis,
1534 2868 1578 2920 nii
1592 2883 1648 2920 enm
1663 2873 1751 2923 saneto
1763 2870 1862 2934 itlfsirns

1098 2986 1339 3064 ιηιιθνιὶιιριτωιαιῖ
1351 2993 1408 3040 snut
1419 2988 1518 3055 triginta
1527 2993 1591 3052 tres,
1605 2991 1709 3043 sitorum
1723 2991 1750 3041 in
1763 2990 1864 3057 piretu

1098 3105 1252 3194 nostratiis,
1262 3113 1313 3203 nto
1324 3123 1396 3174 pesse
1408 3113 1446 3161 est
1459 3114 1551 3162 unetae
1559 3112 1642 3163 nutrix
1654 3112 1813 3164 Gaianarum
1824 3110 1862 3162 ιη’-

1099 3229 1147 3279 bus
1162 3186 1275 3280 ωσίιθύε
1290 3230 1357 3291 suis3
1371 3229 1473 3281 tertium
1484 3244 1544 3281 vero
1555 3231 1619 3295 apud
1633 3232 1782 3283 toreularia
1794 3230 1864 3281 medio

1100 3350 1190 3409 sinon,
1207 3350 1249 3401 ubi
1263 3350 1332 3414 prius
1344 3364 1427 3401 esrum
1440 3354 1494 3402 eret
1505 3352 1674 3403 ooinmorstio.

1130 3471 1212 3533 §122
1231 3454 1296 3522 Losa
1306 3484 1439 3536 vero,quae
1448 3472 1642 3534 edissererent,
1652 3475 1862 3525 exornaruntenro

1093 3575 1126 3622 vet
1138 3575 1250 3637 argento,
1264 3574 1381 3625 lanternis
1397 3577 1423 3625 et
1434 3574 1586 3639 lampadibus
1603 3575 1758 3638 inertimtis,
1776 3578 1800 3627 et
1811 3586 1860 3625 esu·

1101 3676 1206 3727 delubris
1213 3690 1309 3741 semper
1321 3677 1471 3728 ardentibus.
1484 3678 1525 3727 Eis
1534 3691 1633 3742 qnoque
1648 3678 1775 3743 precepit,
1784 3675 1860 3729 ntu‘n·

1101 3780 1164 3862 [ημῖν
1178 3782 1346 3835 remunerent
1365 3793 1479 3857 sresser
1492 3780 1705 3841 tabuliseodriuis
1721 3794 1766 3846 [ier
1782 3776 1861 3832 nous

1102 3881 1185 3933 clevos
1196 3881 1323 3933 oonelusss
1337 3886 1376 3933 :et
1389 3882 1485 3944 omine,
1497 3896 1554 3947 queo
1569 3882 1744 3947 nutaverat,
1758 3880 1862 3934 ronow

1101 3985 1283 4049 oerieotesuut.
1294 3985 1379 4036 siletis
1389 3999 1449 4037 vero
1461 3985 1525 4036 ereis
1541 3986 1570 4035 sii
1584 3989 1679 4050 ροηιιιι
1688 3986 1814 4039 torcularis
1828 3996 1861 4034 oo·

1102 4102 1155 4138 rein
1168 4090 1253 4139 ιοοαω
1272 4087 1403 4153 Gregorio,
1415 4087 1468 4152 ipse
1484 4087 1552 4165 solus
1567 4087 1695 4153 ingresus
1712 4094 1765 4154 est,
1778 4101 1820 4140 uon
1832 4083 1860 4136 si-

1103 4206 1164 4243 nens
1176 4205 1261 4243 seeum
1273 4192 1350 4242 aliurn
1363 4193 1503 4256 quempiam
1512 4191 1614 4256 ingredi.
1624 4194 1679 4244 Nou
1687 4193 1755 4245 euim
1763 4190 1858 4258 οροήθ,

1107 4299 1310 4363 inquietet,ros
1331 4312 1405 4364 prope
1425 4298 1457 4349 ed
1472 4298 1527 4351 ilios
1547 4299 1678 4363 seuere,
1699 4312 1759 4351 eum
1774 4296 1862 4350 οοσθυυ

1106 4404 1191 4456 sanan·
1203 4403 1269 4466 sitis,
1290 4418 1370 4468 neque
1384 4404 1496 4455 mundati
1510 4404 1664 4469 baptismate.
1683 4409 1715 4457 st
1730 4406 1796 4471 ipse,
1810 4399 1862 4453 ertit

1105 4511 1170 4561 intro
1181 4510 1296 4574 portetis,
1308 4510 1416 4575 surgitos
1429 4483 1560 4562 senetosiu
1570 4510 1670 4576 proprie
1683 4510 1859 4576 deposuiterm

1106 4616 1190 4668 scissis
1209 4630 1295 4668 eorum
1322 4616 1489 4683 constringens
1505 4615 1674 4677 vestimentis,
1689 4610 1866 4683 ωςτιονὶῐηοοιῖ

1107 4723 1164 4790 gillo
1176 4722 1279 4775 Christi.
1293 4718 1344 4773 liei
1354 4735 1422 4784 vero,
1432 4700 1459 4774 et
1468 4726 1609 4788 magnetes,
1618 4726 1645 4774 et
1656 4722 1790 4785 exercitus,
1797 4730 1860 4772 uuus

1106 4831 1213 4896 quisque
1225 4829 1365 4897 proterebat
1376 4834 1500 4895 unguente
1512 4831 1595 4882 odoris
1609 4831 1696 4897 optimi
1710 4834 1737 4882 et
1749 4830 1855 4882 ιτοιοιιι.

1106 4939 1286 4992 etvestirnente
1298 4936 1366 4990 veris
1375 4937 1406 4988 sb
1422 4935 1551 5002 opificibus
1559 4937 1634 4989 seriei
1649 4908 1774 5000 contestu,
1786 4931 1857 4985 αυτόν

1107 5057 1155 5108 qne
1171 5045 1265 5095 venete
1277 5044 1325 5095 iilis
1336 5047 1362 5095 et
1378 5042 1521 5093 holoserico.
1535 5043 1633 5107 conjox
1643 5055 1741 5107 quoque
1755 5037 1853 5105 registi

1106 5148 1194 5214 puellos
1202 5164 1231 5203 es
1248 5149 1466 5213 ejustlemgeuere‚
1482 5150 1755 5212 etmegnsturnurores
1767 5142 1855 5198 eritis.
