3842 6036
278 425 318 487 δέ
705 417 906 480 CRITOBULI
927 416 1192 479 HiSTORiARUM
1212 414 1285 477 LlB.
1309 417 1334 492 l,
1355 417 1458 477 3941.

279 554 398 636 φυλακήν
412 553 531 634 ἔχοντες,
547 551 670 629 ούδεμίαν
692 555 737 610 τοῦ
760 553 852 611 λοιποῦ
872 548 975 628 βλάόην
992 546 1053 607 ἕδέ·
1106 552 1152 620 π’ής
1168 546 1237 616 ἰδίοις
1255 547 1337 617 αὐλῆς
1355 544 1414 613 τούς
1435 544 1641 626 μαχιμωτάτους
1656 543 1713 623 άμα
1728 547 1772 606 καὶ
1784 551 1864 630 εθθαρ·

279 667 357 723 χοντο
369 643 444 724 παρὰ
460 647 513 702 τῶν
533 642 627 717 λίθοιν,
642 642 701 700 ἄλλ’
717 639 859 716 ἐφύλαττον
873 639 986 718 ἰσχυρῶς
1008 634 1052 695 τόν
1105 634 1245 703 σεστάτους
1259 637 1285 701 ἐς
1305 633 1364 701 τούς
1381 637 1486 710 άγῶνας
1498 633 1544 691 καί
1568 634 1599 706 δὴ
1620 632 1668 692 καί
1681 635 1864 703 εὐοπλοτάτους.
1897 666 1900 679 ν

278 757 307 793 τε
320 732 414 809 λιμένα
428 732 473 790 καί
490 729 520 788 τὸ
535 728 632 810 Κέρας.
1106 721 1299 789 Ἐπισκευάσας
1318 720 1347 779 δί
1361 720 1411 799 Ικαὶ
1434 720 1545 787 ὁπλίσας
1561 720 1605 778 τὀν
1628 720 1720 780 στόλον
1734 725 1814 790 καλῶς
1827 726 1865 781 dr·

317 820 446 881 XXXIX.
471 819 517 880 Ἐν
533 818 631 883 τούτοις
644 817 667 875 δ’
679 815 759 875 ὄντων
771 816 857 873 αὐτῶν
868 858 876 889 ,
888 810 961 871 οὔπω
972 815 1052 893 τριῶν
1107 812 1182 890 δράσι
1196 834 1225 870 τε
1239 810 1285 870 καὶ
1298 809 1430 877 παντοίοις
1443 809 1549 884 ὅπλοις,
1563 808 1712 886 ἐκπέμπει,
1727 811 1864 882 κελεύσαςή

278 910 295 982 ἢ
309 908 440 988 τεττάρων
454 908 639 986 παρελθουσῶν
654 906 776 984 ἡμερῶν,
788 900 974 984 ἀναφαίνονται
985 901 1052 978 τρεῖς
1105 898 1152 967 τὸις
1166 900 1279 967 ὁλκάδας
1293 899 1423 967 λαβόντας
1439 902 1547 977 ἀγαγεῖν
1562 900 1597 965 ῶς
1611 897 1692 959 αὐτὸν
1712 897 1731 971 ή
1749 898 1811 975 μηδὲ
1825 903 1861 959 αὖ·

277 1002 330 1058 τῶν
345 997 467 1075 μεγάλων
480 993 599 1054 ὁλκάδων
618 995 644 1052 ἐν
658 995 696 1072 τῷ
717 990 827 1068 πελάγει
841 988 967 1068 μετέωροι
987 987 1051 1046 πλί·
1106 987 1166 1056 τούς
1178 989 1319 1062 ἐπανήκειν
1334 990 1395 1055 σῶς.

278 1109 369 1160 ουσαι,
384 1083 415 1152 ἃς
434 1083 460 1153 ἐξ
474 1081 588 1149 Ἰταλίας
608 1080 724 1161 ἐπεμψεν
740 1082 755 1137 ὁ
770 1082 817 1150 τῆς
831 1075 941 1153 Ῥώμης
961 1079 1052 1157 ἀρχιε-
1147 1077 1209 1139 XL.
1233 1078 1391 1156 Παλτόγλης
1402 1076 1430 1137 δθ
1442 1076 1529 1135 πάντα
1543 1075 1586 1135 τὸν
1601 1076 1693 1137 στόλον
1707 1077 1861 1157 παραλαβών,
1899 1102 1900 1111 ’

279 1174 352 1255 ρεθς,
368 1173 530 1250 ἐπισιτισμὸν
543 1169 653 1251 ἐχούσας
668 1168 713 1228 καί
728 1165 1051 1247 βοήθειαντῇπόλει·ήδη
1108 1166 1173 1248 άρας
1187 1165 1261 1234 εὔθθς
1282 1166 1388 1225 ἐπιπλεῖ
1406 1172 1464 1232 ταῖς
1484 1163 1578 1223 ὁλκάσι
1593 1163 1672 1247 βώμη
1693 1189 1722 1224 τε
1735 1168 1813 1245 πολλῇ
1826 1169 1862 1226 καί
1899 1184 1900 1243 3

278 1262 329 1343 γάρ
342 1255 374 1335 ήν
389 1259 548 1340 μεμαθηκώς
569 1262 612 1317 τόν
632 1281 661 1317 τε
680 1254 859 1332 πόλεμονκαὶ
877 1252 926 1324 τήν
947 1254 1007 1312 ὁσσν
1022 1255 1052 1311 ού
1107 1255 1253 1336 προθυμία,
1275 1254 1315 1314 ἐτι
1336 1276 1366 1331 γε
1388 1251 1440 1332 μήν
1461 1252 1598 1335 ριλοτιμίορ
1617 1276 1646 1313 τι
1667 1255 1713 1313 καί
1731 1256 1811 1314 ἐλπίδι
1826 1260 1861 1314 τοῦ

278 1350 373 1423 ταύτης
383 1348 508 1423 ἐσομένην
521 1345 745 1426 πολιορκίαν,καί
755 1340 958 1421 προαπέστειλεν
973 1341 1053 1406 αθτθις
1106 1346 1283 1424 κατορθῶσαι·
1299 1342 1376 1418 μόνον
1400 1343 1430 1400 ού
1450 1344 1500 1422 γὰρ
1516 1344 1542 1401 ἐν
1565 1344 1654 1421 χεροῖν
1675 1343 1785 1419 ἐνόμιζεν
1805 1342 1861 1422 ίχειι

279 1438 401 1519 βοηθοὺς,
416 1438 466 1504 ἕως
479 1436 510 1495 δν
527 1434 573 1495 καί
592 1436 636 1493 τὸν
656 1433 735 1493 ἄλλον
755 1429 923 1510 ἐξαρτίσηται
947 1429 1049 1487 στόλον·
1106 1433 1197 1497 αὐτάς.
1225 1429 1272 1496 Ὦς
1297 1429 1325 1489 δθ
1357 1430 1409 1491 ἐσω
1434 1433 1517 1508 βελῶν
1543 1429 1678 1505 ἐγένοντο,
1704 1434 1801 1511 πρῶτον
1824 1430 1862 1506 μίν
1899 1432 1900 1507 3

277 1525 458 1608 παρεσκεύαζε
471 1525 522 1602 γὰρ
537 1521 564 1590 ἐξ
578 1520 693 1588 Ἰταλίας
708 1518 864 1599 τριάκοντα41
878 1515 924 1575 καί
938 1518 1052 1584 ὁλκάδας
1108 1518 1340 1598 άνακωχεύσαντες
1362 1518 1474 1599 μικρὸν,
1488 1517 1690 1598 άκροὸολισμοῖς
1704 1520 1862 1597 ἰσχυροτάτας
1899 1524 1900 1589 3

277 1614 388 1677 κατόπιν
400 1612 498 1673 τὸύτων
510 1609 619 1692 βοηθοὺς
633 1610 786 1667 ἀποστεῖλαι
797 1605 938 1683 Ῥωμαίοις
949 1605 993 1665 καί
1007 1609 1053 1684 βα·
1107 1608 1269 1686 ἐχρήσαντο,
1282 1604 1423 1685 τοξεύμασί
1435 1630 1464 1665 τε
1478 1607 1524 1667 καὶ
1537 1607 1618 1675 λίθοις
1633 1614 1687 1676 τοῖς
1699 1609 1750 1667 άπὸ
1760 1611 1806 1666 τῶν
1819 1630 1863 1682 μα,-
1899 1648 1900 1655 .

278 1707 347 1765 σιλιῖ
358 1701 564 1782 Κιονσταντίνῳ,
576 1696 606 1758 αί
616 1702 662 1757 καί
673 1695 827 1775 θστὸρησαν.
847 1694 883 1774 (a)
897 1694 1052 1761 Κατιδόντες
1106 1698 1195 1773 χανῶν
1212 1692 1373 1773 ἀριιμίνοις,
1389 1693 1429 1752 ἔτι
1447 1693 1475 1754 δὲ
1488 1695 1534 1753 καί
1547 1694 1688 1775 πυρρύροις
1705 1696 1793 1762 ὀϊστοῖς
1809 1692 1861 1771 βάλ·
1899 1696 1900 1769 3

277 1785 321 1853 ούν
341 1791 388 1858 τθις
409 1789 523 1854 ὁλκάδας
544 1785 687 1865 μετεώρους
708 1783 839 1851 πλεούσας
859 1782 1053 1861 ἀπαγγέλλουσι
1109 1784 1197 1850 λοντες
1210 1782 1245 1843 τά
1261 1805 1290 1842 τε
1304 1782 1376 1841 ἱστία
1390 1782 1436 1842 καθ
1449 1781 1495 1850 τθις
1511 1784 1643 1860 ὁλκάδας,
1656 1784 1752 1865 ἀνάψαι
1764 1781 1862 1843 trost·

280 1883 399 1960 βασιλεῖ,
413 1876 457 1936 καί
477 1874 505 1943 ὁς
522 1873 594 1941 ιύθθς
616 1871 775 1949 Παλτὸγλην
798 1871 843 1931 τὸν
865 1871 983 1948 ἡγεμόνα
1007 1876 1053 1930 τοῦ
1108 1894 1182 1950 μενοι
1195 1870 1303 1938 ταύτας.
1348 1873 1379 1948 32)
1396 1874 1432 1932 Οἱ
1447 1872 1474 1930 δὲ
1494 1872 1606 1932 ἐπὶτῶν
1621 1873 1737 1933 ὁλκάδων
1752 1872 1861 1952 ἐμάχοντο
1899 1896 1900 1947 ι

279 1967 371 2027 στόλου
387 1963 623 2043 μεταστειλάμενος
639 1960 776 2029 ἐξοπλίσαι
798 1957 897 2018 κελεύει
910 1957 959 2029 τὴν
977 1956 1053 2037 ταχί-
1108 1960 1153 2020 καί
1176 1960 1248 2019 αύτοί
1274 1959 1414 2036 γενναίοις,
1440 1960 1487 2019 ὁίτε
1512 1963 1556 2040 ἀρ’
1577 1965 1679 2042 spatas
1703 1961 1745 2020 τὸν
1765 1964 1862 2035 πολεμον
1899 1962 1900 2031 ᾖ

278 2080 343 2129 στην
356 2055 442 2113 πάντα
454 2052 499 2112 τὸν
512 2052 616 2129 στόλον,
631 2048 677 2109 καί
692 2046 750 2114 τοὺς
763 2050 789 2106 ἐν
800 2054 857 2113 ταῖς
866 2046 943 2106 ναυσὶ
953 2045 1055 2115 πάντας
1107 2048 1257 2126 ποιούμενοι
1271 2046 1317 2106 καί
1330 2048 1447 2125 μάλιστα
1461 2047 1513 2108 άπό
1531 2072 1560 2107 τε
1581 2055 1635 2109 τῶν
1656 2049 1743 2109 ίστίων
1763 2048 1804 2107 καί
1820 2051 1861 2106 τῶν

279 2143 370 2225 θρίτας
382 2166 411 2202 τε
425 2140 541 2206 καὶτοὺς
556 2138 650 2204 ἄλλους
664 2135 791 2200 ἐπιβάτας
810 2133 855 2193 καὶ
869 2134 928 2202 τούς
946 2135 1053 2193 ἐπὶτῶν
1107 2137 1329 2218 ξυλίνωνπύργων
1338 2137 1436 2197 ἄνωθεν
1446 2137 1589 2216 βάλλοντες
1599 2143 1693 2206 ὀϊστοῖς
1702 2139 1746 2197 καί
1755 2137 1861 2216 δορατίοις
1899 2142 1900 2193 3

278 2229 509 2317 καταστρωμάτων
527 2226 659 2307 μαχίμους
673 2222 780 2292 ἐκτάξαι
803 2227 890 2289 καλῶς
903 2222 948 2281 καί
968 2247 1053 2282 κατα·
1107 2227 1153 2286 καί
1175 2225 1255 2292 λίθοις
1279 2226 1409 2306 σφοδρῶς,
1430 2225 1475 2284 καί
1508 2228 1628 2303 μάλιστα
1661 2225 1860 2306 ἐπιτυγχάνοντες,

278 2311 409 2400 φράκτους
422 2322 532 2389 ποιήσαι
545 2312 678 2381 παντοίοις
688 2313 792 2379 ὁπλοις·
807 2309 955 2380 ἐπιύιύάζει
968 2311 996 2369 δὲ
1008 2309 1054 2369 καί
1108 2312 1210 2392 κραυγή
1231 2336 1260 2371 τι
1278 2311 1363 2384 πολλή
1379 2313 1425 2371 καί
1441 2314 1583 2392 τραύματα
1600 2314 1645 2375 καθ
1661 2315 1731 2397 pb'voe
1754 2311 1861 2393 παρςρμ.

278 2409 347 2468 ἅλλα
361 2407 431 2466 ὅπλα
445 2402 531 2464 πολλὰ
549 2404 575 2469 ἐς
586 2401 633 2469 τίς
647 2406 724 2478 ναῦς,
738 2398 851 2466 ἀσπίδας
864 2421 893 2456 τε
913 2398 959 2456 καί
977 2403 1050 2476 θυρε·
1108 2402 1223 2482 ροτέρων
1236 2402 1344 2478 ἐγίνετο.
1362 2401 1395 2482 (ι)
1411 2400 1462 2470 Ὦς
1472 2400 1499 2461 δθ
1514 2402 1619 2462 τούτων
1634 2403 1690 2469 ἅλις
1708 2393 1784 2481 εἶχον,
1800 2401 1861 2460 Παλ·
1899 2418 1900 2479 3

278 2495 321 2563 οθς
349 2494 395 2556 καί
418 2493 501 2574 κράνη
525 2490 571 2550 καί
593 2491 730 2569 θώρακας,
751 2487 790 2546 ίτι
814 2487 841 2545 δὲ
867 2487 932 2565 βελη
956 2509 985 2544 τε
1009 2486 1055 2544 καὶ
1107 2490 1203 2568 τόγλης
1216 2488 1289 2556 εὐθὺς
1303 2489 1371 2567 μίγα
1386 2489 1484 2570 βοήσας
1500 2491 1546 2549 καὶ
1560 2496 1620 2560 τοῖς
1634 2492 1720 2557 σίλλοις
1731 2484 1873 2566 ἐγαίλευσά·’
1899 2502 1900 2537 3

279 2584 388 2643 ἀκόντια
400 2582 447 2641 καί
462 2581 559 2663 δόρατα
574 2576 665 2657 μακρὸ
679 2576 724 2636 καί
737 2575 847 2643 κοπίδας
861 2574 908 2633 καί
920 2574 970 2635 ὅσα
985 2573 1053 2634 ἄλλα
1109 2599 1185 2655 μενος
1198 2576 1266 2636 οὸτω
1277 2586 1376 2650 ποιεῖν,
1389 2581 1475 2656 πολλῇ
1488 2584 1522 2661 τῇ
1535 2576 1611 2662 ῥύμῃ
1624 2580 1668 2639 καί
1681 2584 1717 2658 τῷ
1729 2577 1798 2661 ῥοθίῳ
1806 2571 1860 2632 κατὰ

278 2674 304 2738 ἐς
318 2669 362 2729 τθν
373 2671 437 2751 τῇδε
448 2668 564 2745 πόλεμον
575 2665 705 2746 χρήσιμα·
716 2663 781 2743 πρὸς
792 2662 820 2723 δί
833 2664 933 2731 τούτοις
945 2662 1054 2729 ὁπλίτας
1108 2664 1192 2738 μίσος
1205 2663 1333 2740 ἐμὸάλλει
1343 2664 1389 2733 τὰς
1400 2667 1529 2740 ὁλκάδας,
1540 2668 1590 2726 καὶ
1601 2667 1680 2735 οὸτως
1691 2668 1737 2739 ήδη
1746 2666 1773 2723 ἐκ.
1782 2664 1859 2741 χειρῶν

278 2783 305 2819 τε
320 2758 366 2818 καθ
380 2757 485 2828 τοξότας
499 2755 538 2815 ὁτι
551 2756 687 2821 πλείστους
700 2751 863 2824 ἐπιὸιὸάζει,
874 2752 920 2811 καί
935 2756 987 2811 τῶν
1000 2751 1053 2811 άπὸ
1108 2756 1125 2823 ή
1141 2752 1216 2832 μάχη
1237 2751 1348 2831 ἐγίνετο,
1361 2754 1525 2834 ἀγχεμάχοις
1546 2754 1639 2824 ὅπλοςς
1660 2753 1758 2816 ,ὅπως
1779 2746 1857 2823 ipsep-
1899 2738 1900 2831 3

277 2900 1857 2929 Μ
1899 2864 1900 2885 3

307 3008 416 3059 xxxix.
432 3008 469 3055 De
480 3005 567 3068 prrnlio
577 3001 657 3053 navali
670 3000 738 3065 quod
754 3001 777 3049 in
796 3012 850 3063 sqq.
862 3000 988 3060 narratur,
998 2998 1055 3048 ride
1067 2997 1203 3047 Barbarum
1215 3012 1240 3061 p.
1255 3002 1338 3059 23-25,
1351 2999 1489 3049 Phrantzeu
1500 3014 1527 3064 ρ.
1540 3005 1587 3051 247
1604 3014 1668 3065 app,
1683 2999 1770 3050 Duram
1787 3011 1807 3061 p.
1822 2998 1857 3044 233

278 3091 343 3143 sup,
356 3076 509 3128 Leonardum
522 3089 548 3139 p.
561 3079 616 3135 322,
624 3072 844 3135 chaleoeondyiam
854 3084 879 3135 p.
890 3076 943 3129 393,
953 3069 1090 3120 Puscuium
1102 3073 1127 3130 4,
1142 3074 1187 3120 333
1203 3083 1258 3133 sqq.
1271 3070 1438 3121 Seadeddinus
1460 3078 1484 3131 2,
1504 3085 1529 3135 p.
1545 3076 1591 3123 137
1603 3074 1665 3124 duas
1678 3084 1747 3122 nares
1761 3068 1824 3120 ltatas
1838 3065 1857 3113 iu
1899 3080 1900 3091 ¹

276 3153 375 3213 portum
390 3148 459 3197 urbis
477 3147 581 3196 intrasse
598 3142 674 3195 rerbo
691 3143 817 3193 monuisse
830 3142 891 3192 satis
907 3140 991 3193 hebet.
1005 3143 1178 3205 apparuerunt
1191 3154 1268 3191 nares
1281 3142 1371 3204 Aprilis
1388 3142 1481 3193 mensis
1493 3143 1534 3192 die
1547 3145 1600 3205 ΧΧ,
1614 3145 1711 3207 ejusque
1723 3141 1776 3190 bora
1784 3137 1857 3188 tertia.

277 3223 305 3269 ut
320 3218 442 3268 barbanus
454 3217 497 3266 ait.
512 3215 549 3267 sd
559 3214 665 3265 eundem
677 3213 742 3263 diem
754 3212 882 3262 eommode
891 3211 982 3261 reterre
994 3210 1052 3260 lieet
1063 3213 1138 3261 verba
1153 3211 1288 3271 Possedit,
1300 3216 1345 3262 333
1357 3231 1363 3260 :
1376 3211 1491 3263 Pboebus
1504 3212 1542 3262 bts
1553 3218 1647 3277 paruos
1657 3212 1715 3264 coto
1725 3213 1765 3261 etr
1774 3207 1858 3273 {mut
1899 3240 1900 3271 r

277 3289 351 3340 orbes
370 3287 437 3351 (inde
456 3297 532 3347 aquo
545 3283 634 3333 urbem
652 3283 778 3332 obsidione
790 3284 887 3331 ‘torena
902 3280 1036 3341 τίκτεται),
1052 3282 1180 3344 quattuor
1189 3295 1247 3331 erce
1258 3284 1329 3333 rates
1345 3284 1449 3333 turrtttr
1461 3283 1591 3335 moeoibus
1607 3294 1693 3348 arpos,
1710 3292 1760 3345 pus
1770 3277 1858 3330 υοιιαίι
1899 3274 1900 3341 3

277 3369 368 3409 aarum
384 3356 458 3417 [εστίν
475 3354 612 3419 frumenta
635 3352 949 3413 uebebnut‚rerasuntur.
964 3351 1044 3399 Nares
1060 3351 1156 3400 nonnisi
1167 3351 1230 3401 duas
1243 3353 1319 3403 uisse
1331 3352 1614 3416 prnterSeadeddinum
1630 3356 1665 3405 ait
1677 3345 1858 3409 chaieouundpltt
1899 3362 1900 3417 γ

277 3442 302 3492 p.
322 3431 377 3488 339,
394 3430 437 3486 ίος
459 3427 510 3475 tres
535 3422 679 3474 critobulus
699 3421 773 3483 dicit,
788 3420 898 3484 quinque
911 3423 1003 3470 Durus»
1014 3435 1040 3485 p.
1059 3426 1114 3482 233,
1132 3430 1157 3484 3,
1171 3435 1277 3484 quarum
1298 3424 1342 3486 μία
1356 3427 1371 3482 ἡ
1385 3428 1427 3473 τοῦ
1449 3425 1568 3487 βασιλέως
1590 3428 1690 3491 φέρουσα
1702 3423 1774 3486 φόρτον
1786 3419 1821 3467 τὸν
1836 3416 1858 3463 ἐκ
1899 3428 1900 3471 t

277 3497 461 3555 Πελοποννήσου
478 3500 553 3553 σῖτον,
569 3496 594 3542 st
607 3494 632 3543 di
645 3494 714 3542 ἄλλαι
727 3494 838 3556 τίσσαρες
853 3492 990 3547 lustrarier:
1003 3493 1148 3555 βογευθεῖσαι
1166 3493 1231 3556 παρὰ
1249 3499 1291 3543 τοῦ
1312 3496 1429 3558 βασιλέως
1444 3514 1450 3544 :
1466 3496 1624 3558 etquattuor
1635 3495 1708 3547 ruisse
1718 3483 1857 3552 recteprocut
1899 3482 1900 3513 ί

276 3568 355 3620 dubio
377 3566 477 3618 tradunt
497 3564 635 3625 bawaros,
652 3562 789 3624 Puseutus,
804 3561 947 3612 bernardus
967 3565 993 3612 et
1006 3563 1141 3612 Pbrantzes
1161 3577 1187 3628 p.
1203 3566 1257 3625 242,
1273 3569 1302 3613 10
1321 3584 1327 3613 ι
1343 3568 1404 3624 Νῆις
1423 3570 1482 3629 τρεῖς
1497 3569 1624 3630 Διγουρίας
1637 3564 1732 3631 (quibus
1748 3557 1857 3625 prefectus
1899 3572 1900 3583 ¹

276 3643 330 3691 erat
343 3637 473 3689 Mauritius
486 3638 608 3686 cataneus
628 3632 779 3694 (ternensis,
796 3646 845 3683 sae.
859 3635 933 3683 Leon.
948 3647 972 3697 p.
984 3634 1039 3695 322)
1052 3635 1078 3682 ἐκ
1089 3634 1149 3684 Χίον
1162 3635 1244 3698 φόρτον
1258 3636 1368 3693 λαςόντες
1379 3638 1419 3686 καί
1433 3638 1517 3701 ἄνεμον
1531 3639 1674 3704 τηρήσαντες
1687 3634 1812 3692 ἐπιτήδειον,
1824 3626 1857 3673 ³⁶⁹

277 3714 351 3762 πλοῦν
363 3711 420 3774 πρὸς
434 3712 496 3770 ἡμᾶς
511 3709 646 3757 ἐποιοῦντο·
661 3705 816 3770 διερχομένων
827 3705 853 3754 di
867 3705 957 3762 αὐτῶν,
971 3704 1023 3753 καθ’
1032 3706 1087 3755 ὁδὸν
1100 3706 1140 3754 καί
1162 3707 1241 3767 ἑτέραν
1260 3707 1315 3768 μίαν
1333 3708 1458 3771 βασιλικὴν
1475 3713 1521 3766 νῆα
1534 3708 1618 3773 (cujus
1631 3696 1856 3758 destituuntur.
1899 3698 1900 3707 ’

276 3795 326 3833 see.
345 3796 370 3846 p.
389 3784 443 3839 243,
458 3785 497 3840 22,
512 3776 677 3827 θ’ίσσίαεισίίιι
692 3788 731 3839 ap.
744 3778 817 3825 beon.
831 3789 856 3838 p.
870 3780 924 3834 322,
933 3774 942 3837 )
952 3776 979 3825 ἐκ
995 3777 1101 3833 Σικελίας
1115 3775 1162 3841 (sic
1179 3777 1254 3827 etiarn
1265 3778 1417 3842 leonsrdus)
1436 3780 1494 3842 μετὰ
1507 3779 1575 3830 σίτου
1594 3781 1725 3843 ἐρχομένην.
1736 3776 1857 3824 633333θῦ

278 3866 353 3903 naras
364 3850 454 3915 negotii
465 3862 540 3900 rausa
556 3847 581 3897 in
604 3846 668 3898 Obie
684 3845 846 3897 substiterant
859 3858 940 3909 nsque
962 3845 994 3896 ad
1012 3845 1086 3896 finem
1107 3847 1199 3898 mensis
1219 3849 1314 3906 Martii3
1325 3848 1414 3899 deinde
1428 3863 1460 3899 ne
1474 3850 1538 3900 ίίίίοο
1553 3851 1681 3915 pergerent
1695 3848 1774 3898 boreas
1785 3840 1857 3889 renen

276 3922 437 3986 impediverat
446 3921 539 3984 (Duras
548 3933 572 3982 p.
584 3917 647 3981 233).
658 3919 739 3967 Nares
753 3916 809 3967 ilias
819 3919 914 3980 partem
929 3916 1004 3967 inisse
1023 3917 1109 3968 elassis
1119 3932 1194 3981 quarn
1207 3918 1322 3969 Nicotaus
1332 3922 1354 3967 V
1368 3920 1475 3983 pontifex
1487 3920 1651 3980 instruxerat,
1664 3931 1725 3969 unus
1734 3910 1801 3966 tradit
1812 3905 1856 3956 Cri·

278 3992 384 4042 tubulus.
396 3990 408 4054 33
418 4017 451 4028 -
458 3991 601 4054 τριάκοντα*
611 3990 651 4037 καί
663 3987 726 4051 oto]
739 3989 799 4038 Post
811 4004 888 4052 τριακ.
904 3986 1024 4038 excidisse
1038 3988 1138 4038 uidetur
1150 3990 1257 4053 τριήρεις.
1268 3991 1329 4054 Cup.
1342 3991 1371 4040 70
1383 3989 1477 4041 habes:
1490 3993 1616 4057 τριάκοντα
1626 3991 1728 4056 τριήρεις·
1739 3984 1749 4049 θ
1760 4008 1784 4020 ··
1794 3978 1815 4028 “3
1825 3973 1857 4024 καί

276 4059 417 4125 θατίρησαν]
428 4061 466 4110 Gi.
477 4059 543 4108 iufra
553 4071 608 4121 eap.
623 4061 653 4107 70
668 4078 675 4108 ι
688 4060 848 4120 ὑστερήσασαι
860 4064 900 4115 τῆς
913 4058 1020 4120 βοηθείας
1032 4059 1101 4108 πάλιν
1116 4060 1265 4109 δπίιιλενσαν
1279 4060 1351 4110 οίιιοι.

308 4131 358 4194 §a
374 4132 450 4180 πάντα
462 4131 502 4179 τὸν
517 4128 609 4192 στόνον)
622 4131 703 4179 Nares
724 4131 793 4179 erant
809 4131 853 4178 145
872 4141 923 4178 see.
942 4129 1080 4179 Barbarum
1095 4143 1122 4193 p.
1141 4134 1179 4191 24,
1194 4132 1300 4181 rtrrtter
1313 4130 1435 4182 ducentas
1452 4133 1572 4187 triremes
1584 4137 1610 4186 et
1628 4132 1732 4184 btrerrres
1749 4135 1793 4173 seb
1808 4120 1857 4168 Mt·

277 4201 377 4264 nardp.
390 4204 445 4261 322,
455 4200 511 4249 vela
521 4202 632 4249 treoentn
640 4199 749 4262 quinque
757 4212 807 4249 ses.
818 4202 912 4249 Duram
924 4214 949 4263 p.
960 4206 1015 4258 239,
1025 4207 1049 4250 3.

308 4273 358 4323 XL.
375 4273 456 4320 Nares
466 4269 514 4320 illae
525 4272 644 4333 quattuor
654 4269 679 4318 in
692 4272 824 4334 conspectu
837 4268 919 4332 urbis,
929 4274 1039 4321 οιααοιιίο
1057 4271 1243 4336 subderentur,
1261 4287 1362 4324 cursum
1374 4273 1485 4325 inhibere
1498 4275 1653 4340 cogebantur.
1665 4269 1777 4322 Bsrbtfflt
1786 4275 1808 4325 θ·
1820 4260 1857 4308 ²³²

276 4343 363 4396 subito
374 4343 394 4393 u
406 4343 482 4393 uento
494 4343 503 4390 ι’
515 4339 630 4403 bonozo,
639 4354 653 4390 e
663 4342 782 4391 troourse
796 4341 821 4390 le
833 4341 887 4391 dits
895 4355 964 4392 unse
977 4344 1006 4391 trs
1017 4356 1085 4406 prou
1096 4343 1205 4395 θοιιααο.
1216 4348 1299 4395 Duras
1306 4360 1330 4409 p.
1344 4350 1398 4408 233,
1410 4349 1425 4396 4
1437 4365 1444 4397 ε
1455 4344 1503 4396 Ἦν
1512 4348 1557 4410 γὰρ
1565 4348 1606 4396 ναί
1619 4349 1635 4404 ἡ
1646 4345 1750 4393 θάλασσα
1759 4332 1825 4389 ἐκεῖνο
1836 4329 1859 4385 ³51

280 4418 332 4480 ὥρᾳ
343 4414 433 4475 ιύδιος,
448 4414 536 4474 ἀνέμου
548 4414 580 4474 μή
594 4413 712 4468 πνέοντος.
725 4410 827 4462 Stabant
838 4416 893 4462 tum
906 4412 973 4463 baud
983 4413 1054 4478 louge
1065 4427 1080 4463 a
1091 4414 1164 4465 litore
1175 4415 1321 4479 (Phranbres
1332 4429 1354 4479 p.
1367 4420 1422 4477 243,
1439 4422 1463 4466 lt
1477 4437 1484 4467 ι
1495 4417 1556 4477 ἦσαν
1565 4418 1615 4479 ,γάρ
1629 4414 1694 4475 ἐγγύς
1705 4415 1744 4468 fd<
1755 4406 1833 4478 λίθω),
1840 4396 1859 4442 “3

276 4489 375 4553 τριήρεις
385 4486 442 4534 ὡσεί
451 4484 516 4534 λίθον
526 4483 621 4547 βολήν),
632 4483 732 4547 quadiu
741 4483 930 4547 Propontideab
940 4490 1022 4535 Aurea
1029 4489 1100 4549 porta
1109 4499 1197 4537 versus
1205 4501 1322 4538 oeoasum
1335 4488 1484 4550 οιίειιιίίίατ,
1492 4492 1522 4539 nt
1530 4488 1666 4552 colligimus
1675 4497 1688 4533 e
1697 4484 1769 4531 nura
1777 4469 1857 4552 νοτθίξῑ

278 4557 338 4608 Τότε
355 4553 481 4613 ἐξελθόντες
490 4554 521 4602 τὰ
536 4555 607 4603 πλοῖα
622 4554 718 4603 θσταντο
731 4552 880 4617 ἐκδεχόμενοι
894 4555 937 4613 τήν
952 4555 1027 4616 &petru
1041 4561 1089 4604 τῶν
1099 4561 1177 4618 νηῶν,
1189 4557 1269 4608 turer]
1286 4559 1377 4622 λιμένος
1395 4564 1436 4618 τῆς
1451 4561 1545 4622 Χρύσης
1557 4560 1630 4615 πύλης
1647 4552 1726 4607 ἐντός·
1739 4549 1762 4595 αί
1778 4542 1800 4591 δέ
1818 4550 1859 4593 titt<

277 4628 388 4678 ἐλθοῦσαι
400 4626 462 4674 κατὰ
470 4625 513 4682 τήν
521 4624 576 4682 ίτην
585 4624 639 4673 ὁδδν
650 4624 691 4673 καί
701 4623 841 4687 βουλόμεναι
851 4629 953 4687 περᾶσαι
962 4626 1003 4675 riv
1016 4627 1210 4690 Μεγαδημήτριον
1216 4630 1259 4687 τὴν
1270 4629 1410 4693 ἀκρόπολιν,
1420 4634 1463 4678 τοῦ
1473 4631 1581 4678 studuero
1590 4630 1615 4678 εν
1624 4630 1658 4687 τῷ
1669 4616 1768 4682 Κερατίηι
1778 4610 1858 4691 αὸλβίίι

278 4700 308 4749 τὰ
325 4700 399 4749 πλοῖα
417 4696 554 4745 ἀνθίσταντο
572 4700 623 4752 ταῖς
645 4695 723 4745 ναυσί.
738 4696 929 4758 Μσοίιειιιοίειιι,
943 4697 986 4759 qni
999 4710 1015 4747 e
1032 4697 1105 4747 litore
1118 4697 1232 4759 proriam
1246 4700 1366 4763 spectarit
1380 4703 1405 4749 et
1417 4713 1509 4762 equum
1522 4700 1547 4749 in
1560 4710 1628 4748 mare
1640 4689 1771 4759 propulisst
1782 4679 1857 4762 θξΰίῑθί

278 4768 396 4820 leonard.
409 4781 434 4831 p.
445 4766 625 4826 322,Ρίιτιιιιία.
635 4779 659 4829 p.
669 4769 724 4826 249,
737 4770 774 4826 13,
780 4765 945 4822 Chalcoeond,
954 4779 979 4830 p.
991 4771 1046 4828 393,
1057 4774 1080 4828 2,
1091 4769 1154 4820 Duc.
1163 4782 1188 4832 p.
1200 4773 1254 4831 233,
1262 4770 1309 4833 44),
1317 4770 1342 4819 in
1350 4770 1515 4834 promontorio
1524 4771 1613 4820 Ζαίίίιι
1622 4770 1755 4817 bermuti,
1765 4753 1855 4815 ‘imm‘

279 4841 329 4890 iere
340 4838 421 4890 stedia
434 4850 533 4886 amuro
545 4836 618 4886 urbis
634 4835 736 4895 dissito,
748 4835 848 4886 stetisse
866 4836 1024 4900 probabiliter
1035 4841 1121 4888 oenset
1135 4839 1321 4890 Mordtmannus
1334 4841 1351 4890 ί.
1365 4840 1382 4890 Ι.
1392 4853 1417 4904 p.
1433 4844 1485 4900 133,
1495 4840 1539 4903 qui
1547 4852 1613 4890 reare
1622 4836 1656 4886 ibi
1665 4837 1714 4885 taur
1724 4821 1857 4899 1231331ίῖ93εί

280 4910 375 4973 prodit,
388 4912 417 4959 ut
429 4908 495 4959 ultra
509 4909 607 4958 rentum
619 4919 709 4971 passus
720 4906 816 4956 nonnisi
832 4919 967 4970 paucorum
984 4908 1077 4971 pedum
1096 4910 1130 4959 sit
1142 4909 1304 4973 profunditas.
1319 4911 1462 4976 Oppidanos
1475 4911 1533 4962 betti
1544 4909 1665 4961 theatrum
1681 4902 1772 4952 visuri)⁵
1783 4892 1856 4957 Ηῑθθοῖ

281 4979 395 5031 drornurn
414 4978 526 5042 petiisse,
538 4978 593 5028 tate
608 4979 729 5040 spectare
742 4978 815 5027 uude
827 4988 933 5041 equora
942 4982 1063 5041 possent,
1073 4979 1149 5029 τείσει
1158 4981 1279 5031 Puseulus
1294 4984 1319 5042 4,
1332 4986 1386 5032 333.
1401 4981 1487 5032 Falsus
1500 4980 1575 5043 igitur
1586 4973 1722 5029 beonsrdus
1733 4981 1757 5033 p.
1767 4965 1814 5018 ³2²2
1823 4962 1857 5015 ‘1¹¹¹

282 5061 363 5112 regem
375 5062 410 5100 es
424 5051 492 5101 cette
507 5051 613 5100 Pererut
626 5061 731 5113 pugnam
747 5051 872 5112 spectasse
887 5048 956 5098 droit.

310 5118 326 5181 §
344 5124 366 5168 r.
384 5118 464 5182 ῥώμη)
477 5120 554 5183 ῥύμην
566 5119 605 5168 ct.
618 5133 641 5169 e.
656 5121 696 5180 37,
706 5123 731 5178 3,
743 5118 786 5168 ubi
798 5131 879 5182 pugna
890 5117 979 5168 iisdem
992 5120 1042 5170 iere
1054 5120 1138 5171 verbis
1149 5120 1307 5174 describitur.
1319 5122 1465 5173 Proetiorum
1477 5119 1641 5172 enamtiones
1653 5111 1716 5178 apud
1726 5093 1857 5187 Gfifflum

282 5190 378 5239 tantm
396 5201 445 5238 non
465 5203 550 5240 ornnes
570 5188 708 5240 seeundum
724 5188 826 5239 easdem
842 5189 960 5239 tonnulae
973 5192 1115 5254 compositae
1127 5195 1186 5242 suut
1198 5196 1224 5243 et
1237 5195 1306 5245 certo
1322 5193 1429 5257 quodam
1449 5192 1599 5242 lunationum
1617 5198 1675 5252 gyro
1694 5156 1856 5249 οοιιθῐίθΰίθῐί

282 5257 337 5321 -§
354 5263 369 5307 2
387 5257 435 5310 ἀτί
450 5259 550 5324 τούτων)
566 5261 627 5310 iiaee
643 5261 699 5323 post
712 5258 799 5310 ἀνωθεν
815 5258 911 5310 addidit
922 5271 1010 5310 manus
1022 5268 1035 5311 2
1049 5260 1075 5311 in
1088 5262 1204 5326 margine.
1221 5262 1272 5328 13-
1287 5262 1438 5329 ίτίτρωσιιον]
1449 5260 1587 5325 ἡτοίμαζον)
1598 5270 1662 5322 ungo.
1674 5245 1761 5304 Deinde
1772 5235 1856 5291 ΨΜ
