3842 6036
300 458 358 518 ίθθ

298 587 344 662 καί
362 584 486 663 ἀπότφμα
511 589 563 644 τῶν
579 586 662 664 ἀρῶν,
684 575 727 644 οἶά
741 610 806 652 τινες
827 585 936 663 πτηναὶ,
957 583 1002 652 ξῦν
1017 588 1069 654 τοῖς

298 676 400 747 ὅπλοις,
415 674 459 732 καί
471 673 558 732 πάντα
576 672 734 753 κατέτρεχον
746 672 837 754 ὥσπερ
852 674 912 733 τινδι
931 673 1009 732 πεδία
1023 678 1066 731 ίπ·

272 804 276 813 =
297 765 419 839 πάσιμα,
434 760 534 828 οὐδενὸς
554 760 675 837 ἐμποδών
695 763 851 839 ἱσταμένου,
866 761 912 820 καί
933 762 1067 841 διηρευνή-

296 872 376 909 σαντα
391 849 479 907 πάντα
495 847 609 929 ἀκριύῶς
621 848 668 907 καί
685 849 794 919 πλέονῆ
814 856 893 916 Δᾶτις
905 847 1003 929 (φασί)
1020 849 1069 920 τήν

296 936 468 1017 Ἐρετρικήν,
487 939 551 1014 ὄρη,
566 936 712 1017 κρημνούς,
726 939 880 1020 φάραγγας,
896 938 1068 1010 καταδύσεις,

296 1026 392 1105 ἄντρα,
425 1028 580 1107 χαράδρας,
615 1025 750 1108 τρώγλας,
782 1026 936 1110 χηραμοθς,
969 1027 1070 1091 πάντας

298 1114 397 1194 μυχούς
424 1119 485 1191 γῆς,
500 1116 545 1173 καί
566 1114 639 1173 οὐδὲν
655 1117 707 1174 ὅτι
727 1117 833 1183 τούτους
845 1117 961 1175 διέλαθεν
982 1112 1000 1188 ἢ
1022 1111 1071 1173 διέ·

297 1225 362 1285 φυγε
378 1202 424 1262 καί
436 1208 488 1262 τῶν
504 1202 603 1283 σφόδρα
622 1205 764 1281 ἀποτόμων
783 1205 829 1263 καί
852 1205 1005 1283 ἀποκρότων
1024 1204 1070 1262 καί

297 1291 435 1371 ἀνημέρων
448 1292 493 1351 καί
513 1291 620 1352 ἀύάτων
633 1292 699 1360 ὅλως
712 1294 817 1373 χωρίων
825 1337 833 1370 ,
846 1290 886 1353 ὅτι
898 1293 935 1373 μή
949 1290 1070 1369 μόνοντὰ

297 1379 407 1459 φρούρια
434 1379 480 1438 καί
503 1382 527 1439 d
549 1382 576 1438 ἐν
599 1379 701 1447 τούτοις
729 1372 974 1461 καταπεφευγότες,
1002 1380 1069 1438 ἀλλά

296 1467 381 1526 πάντα
398 1469 489 1535 ἁπλῶς
511 1468 675 1548 κατέδραμον
697 1468 743 1527 καί
762 1467 938 1547 ἐχειρώσαντο
963 1467 1008 1525 καὶ
1022 1472 1069 1539 ήν-

296 1555 458 1633 δραπόδισαν
482 1555 529 1622 καί
555 1557 704 1635 διέφθειραν
723 1557 749 1614 ἐν
772 1557 850 1615 πέντε
865 1556 910 1614 καί
930 1554 993 1614 δέκα
1014 1557 1070 1620 ταῖς

297 1642 369 1709 ὅλαις
383 1644 512 1723 ἡμέραις,
528 1644 573 1703 καί
588 1646 659 1701 λείαν
681 1643 810 1715 ἐξήλασαν
824 1645 863 1702 δτι
877 1641 1004 1714 πλείστην
1026 1643 1078 1698 ἀνι

296 1731 449 1812 δραπόδων,
467 1734 583 1810 ἀνδρῶν,
599 1736 747 1812 γυναικῶν,
761 1732 876 1805 παίδων,
890 1730 1068 1811 βοσκημάτων

296 1820 439 1893 παντοίων,
454 1820 587 1895 ἐπίπλων,
601 1820 710 1878 πάντων
725 1821 833 1893 ἁπλῶς,
849 1819 896 1878 καλ
917 1820 1067 1895 κατήγαγον

296 1907 349 1969 ἀπὸ
362 1911 415 1964 τῶν
435 1912 503 1987 ἀρῶν
530 1911 613 1988 ἐντῷ
635 1908 819 1987 στρατοπέδῳ.
864 1908 896 1985 (ι)
914 1906 949 1967 Ὁ
971 1906 998 1964 δέ
1018 1908 1069 1962 τῶν

298 1994 435 2074 Ἰλλυριῶν
455 1994 561 2073 ἡγεμών
586 1993 752 2075 Ἀλέξανδρος
770 1999 806 2062 ὡς
819 1994 886 2072 έγνω
908 1994 956 2065 τὴν
984 1991 1079 2069 ἀρχὴνγ

297 2081 497 2159 κατειλημμένα
505 2083 538 2142 τὰ
552 2082 600 2162 ὅρη
612 2087 644 2163 τῇ
657 2093 777 2163 στρατιᾷ,
793 2081 877 2163 φυγὰς
891 2080 964 2147 eiii<
974 2079 1069 2159 ᾤχετο,

297 2171 351 2229 οὐδ’
366 2168 426 2228 ὅποι
441 2174 489 2247 γῆς
504 2170 544 2241 εἴη
559 2169 756 2246 ἐξακουόμενος.
773 2169 902 2237 Βασιλεὺς
917 2167 945 2226 δὲ
963 2165 1067 2245 δῃώσας

297 2268 389 2317 πᾶσαν
408 2256 456 2328 τὴν
481 2257 571 2338 χώραν
596 2258 642 2316 καί
668 2258 831 2339 διαφθείρας,
851 2258 896 2316 ἐπὶ
917 2256 947 2315 τὸ
974 2260 1070 2334 Κροῦες

296 2345 424 2425 ὥρμησε,
445 2347 490 2405 καί
514 2347 651 2425 γενόμενος
675 2349 701 2406 ἐν
721 2349 809 2426 αὐτῷ,
836 2344 1070 2426 στρατοπεδεύεται

296 2434 348 2514 πρὸ
364 2437 455 2509 αὐτοῦ,
473 2435 519 2495 καλ
533 2437 639 2515 χάρακα
664 2435 807 2515 βαλόμενος
820 2435 866 2494 καί
890 2433 979 2514 κύκλῳ
993 2455 1069 2512 περι-

296 2521 385 2581 λαὸὼν
398 2527 435 2602 τῷ
448 2528 552 2604 στρατῷ
564 2524 609 2581 καί
623 2523 744 2601 μηχανάς
756 2522 900 2595 ἐπιστήσας
914 2521 1068 2599 ἐπολιόρκει.

336 2613 428 2673 XVii.
446 2611 495 2670 'liv
516 2613 622 2678 ταύταις
643 2610 671 2670 δέ
686 2620 742 2680 ταῖς
762 2610 888 2693 ἡμέραις,
911 2610 998 2688 θέρους
1020 2632 1069 2681 με·

298 2704 402 2768 σοῦντος
417 2700 487 2777 ἤδη,
503 2701 549 2759 καί
563 2705 579 2771 ἡ
593 2702 726 2779 λοιμώδης
739 2701 813 2769 νόσος
827 2699 907 2760 παντί
919 2704 957 2777 τῷ
973 2699 1068 2775 θέματι

296 2789 405 2872 Θρηίκης
428 2814 457 2849 τε
483 2789 528 2848 καὶ
557 2789 723 2857 Μακεδονίας
752 2789 911 2871 ἐνέσκηψεν,
933 2785 1068 2868 ἀρξαμένη

297 2877 345 2956 μὲν
363 2878 416 2937 ἀπὸ
431 2878 581 2945 Θετταλίας
601 2876 648 2936 καί
662 2881 714 2935 τῶν
728 2877 811 2957 ταύτῃ
827 2873 992 2957 προσχώρων
1007 2876 1070 2955 (οὐκ

297 2957 344 3026 οἶδ’
359 2967 416 3027 ὅθεν
438 2973 516 3025 αὐτοῦ
538 2967 585 3038 τήν
603 2965 688 3045 ἀρχὴν
712 2968 888 3041 ἐπελθοῦσα),
905 2968 1069 3039 ἐπινεμησα-

296 3056 363 3133 μένη
379 3056 406 3114 δέ
429 3056 474 3114 καί
489 3053 660 3136 διαφθείρασα
679 3055 768 3120 πάσας
787 3054 834 3121 τλς
848 3056 921 3133 ἐντῇ
942 3050 1068 3129 μεσογείᾳ

296 3145 341 3203 καλ
362 3145 482 3224 παραλία
500 3144 600 3202 τούτων
619 3141 707 3209 πόλεις
721 3141 767 3201 καί
788 3142 891 3221 χώρας,
909 3141 1026 3198 διαύᾶσα
1042 3139 1069 3197 δὲ

295 3231 340 3290 καλ
355 3235 380 3299 ἐς
395 3232 442 3303 τήν
457 3231 562 3308 Ἀσίαν,
579 3240 669 3289 πᾶσαν
686 3230 734 3303 τὴν
754 3232 886 3310 παραλίαν
902 3228 1070 3301 Ἑλλησπόν-

296 3340 342 3376 του
358 3342 385 3377 τε
400 3319 446 3376 καί
462 3319 638 3397 Προποντίδος
648 3318 775 3400 διέφθειρε
788 3318 833 3376 καί
847 3316 1008 3396 ἠρήμωσεν,
1022 3316 1067 3375 καί

296 3409 321 3471 ἐς
332 3406 380 3476 τὴν
396 3406 535 3483 μεσόγειαν
553 3407 676 3466 ἀναὸᾶσα
693 3411 741 3479 τήν
758 3430 786 3465 τε
807 3411 852 3464 τοῦ
869 3405 1001 3483 Προυσίου
1025 3404 1070 3463 καί

297 3493 331 3553 τδι
346 3494 405 3574 περὶ
421 3494 501 3564 αὐτὴν
527 3495 633 3554 ἅπαντα
649 3496 695 3554 καὶ
719 3495 798 3574 μέχρι
820 3493 953 3560 Γαλατίας
976 3492 1021 3551 καί
1037 3492 1069 3564 δι)

296 3580 343 3641 καί
358 3582 493 3643 Γαλατίαν
508 3583 590 3655 αὐτὴν
612 3581 761 3658 ἐλυμήνατο
781 3582 826 3640 καί
840 3581 975 3662 ἠφάνισεν·
995 3583 1029 3658 (ο)
1046 3586 1070 3648 ἐς

304 3671 332 3730 δέ
352 3671 399 3743 τήν
415 3670 533 3749 μεγάλην
553 3671 732 3747 ἐσκωμοίσασα
755 3670 847 3749 πόλιν,
864 3667 912 3742 τήν
929 3674 1071 3730 Κωνσταν·

295 3760 365 3819 πίνου
380 3759 464 3839 φημί,
478 3759 505 3818 τί
516 3759 568 3838 χρὴ
581 3760 627 3819 καί
637 3759 722 3837 λέγειν
732 3763 767 3825 iic
782 3758 892 3819 ἄπιστόν
907 3782 933 3818 τι
944 3758 1026 3825 πάθος
1040 3761 1066 3817 ἐν

296 3849 362 3925 αύτῇ
382 3848 427 3905 καί
444 3851 534 3914 ἀκοαῖς
554 3847 620 3914 ὅλοις
640 3846 737 3905 ἀθατον
752 3847 799 3905 καί
816 3846 944 3928 ἀφόρητον
965 3870 1068 3926 κατειρ-

295 3934 411 4011 γάσατος
428 3934 628 4010 Ἐξεκομίζοντο
648 3935 695 4011 μέν
709 3935 767 3993 καθ’
781 3935 883 4015 ἡμέραν
898 3939 949 3995 τῶν
964 3937 1069 3994 ἀπολω·

722 454 921 516 CRlTOBULi
942 454 1205 518 Hisioiiiiiiuii
1226 455 1296 518 LIB.
1320 455 1357 530 i,
1382 459 1481 519 iii-19.

1125 587 1221 669 ἤρκουν
1234 590 1260 654 ἐς
1273 587 1319 657 τὰς
1332 588 1425 669 ταφάς·
1437 591 1465 647 οὗ
1477 588 1528 669 γάρ
1540 598 1617 661 ήσαν·
1630 590 1652 646 οί
1662 588 1707 666 μέν
1719 589 1766 670 γὰρ
1776 591 1865 658 δεδιότος

1126 677 1167 736 τὸν
1183 677 1275 757 φθόρον
1288 677 1395 757 ἔφευγον
1414 677 1627 756 ἀμεταστρεπτί,
1640 676 1695 736 οὐδὲ
1708 681 1754 735 τῶν
1768 678 1863 753 μάλιστα

1126 767 1228 824 οἰκείων
1243 765 1396 841 ποιούμενοι
1410 765 1533 843 πρόνοιαν
1550 764 1567 835 ἢ
1582 763 1648 832 ὅλως
1662 765 1863 843 ἐπιστρεφόμενοι,

1127 854 1214 913 καίτοι
1228 852 1356 933 πολλάκις
1372 856 1430 930 μετ’
1442 854 1560 930 οἰμωγῆς
1576 853 1620 909 καὶ
1635 852 1731 931 θρήνων
1744 850 1864 910 immid·

1129 940 1213 1016 μένων
1226 939 1327 1010 αὐτοὺς,
1343 940 1411 1001 ἀλλὰ
1426 940 1668 1015 καταλιμπάνοντες
1681 946 1807 1007 νοσοῦντας
1816 942 1865 1009 ἀτη-

1128 1030 1270 1102 μελήτους,
1297 1030 1342 1088 καί
1365 1032 1508 1095 τεθνεῶτας
1527 1028 1653 1108 ἀτάφους·
1673 1030 1696 1084 οί
1712 1027 1790 1085 δὲκαὶ
1809 1026 1864 1083 αὐτοὶ

1125 1109 1193 1188 ἦσαν
1209 1115 1443 1192 ἀναπεπλησμένοι
1459 1122 1505 1188 τῆς
1518 1115 1604 1189 λύμης
1622 1113 1667 1173 καὶ
1685 1115 1747 1181 ὅλως
1757 1115 1864 1171 δυσθανα·

1126 1210 1229 1272 τοῦντες
1240 1203 1287 1264 καί
1301 1205 1357 1262 οὐδὲ
1379 1208 1479 1271 ἑαυτοῖς
1494 1203 1631 1281 δυνάμενοι
1647 1208 1754 1284 βοηθεῖν.
1776 1204 1804 1277 (ο)
1817 1199 1864 1261 Elii

1127 1293 1155 1352 δέ
1173 1293 1199 1352 οἳ
1219 1292 1265 1352 καί
1280 1293 1500 1360 κατακλείσαντες
1522 1291 1626 1359 ἑαυτούς
1642 1296 1731 1360 ἐντοῖς
1750 1286 1864 1365 δωματίοις

1127 1382 1218 1458 έμενον
1237 1379 1368 1460 ἀπρόϊτοι,
1389 1379 1435 1439 καί
1458 1380 1551 1439 πολλοί
1573 1379 1599 1448 ἐξ
1623 1381 1705 1439 αὐτῶν
1729 1381 1799 1437 αύιοῦ
1818 1375 1863 1445 iii·

1128 1492 1233 1536 σκοντες
1246 1468 1346 1528 ἔκειντο
1364 1468 1459 1550 ἀταφοι
1473 1470 1517 1527 ἐπὶ
1535 1468 1593 1526 δυσί
1612 1468 1658 1526 καὶ
1676 1466 1754 1548 τρισίν
1773 1463 1861 1542 ἡμέροις

1127 1559 1297 1636 ἀγνοούμενοι
1317 1558 1461 1630 πολλάκις,
1478 1556 1622 1617 ἐθάπτοντο
1636 1556 1663 1615 δέ
1677 1556 1721 1615 καί
1734 1554 1813 1624 ξύνδυο
1831 1549 1865 1610 καί

1128 1644 1241 1725 ξύντρεις
1255 1645 1301 1704 καί
1322 1645 1391 1703 κατδι
1406 1644 1514 1711 πλείους
1536 1643 1662 1710 πολλάκις
1682 1652 1727 1723 μιᾷ
1746 1639 1863 1718 παραδιδό-

1126 1757 1200 1811 μενοι
1222 1734 1307 1813 θήκη,
1323 1732 1368 1793 καλ
1391 1737 1405 1791 δ
1438 1733 1541 1792 θάπτων
1561 1734 1674 1811 σήμερον
1694 1731 1774 1809 ἕτερον
1799 1724 1866 1802 αὔριον

1126 1822 1170 1880 ὑπ’
1193 1822 1273 1880 ἄλλου
1298 1820 1440 1893 ἐθάπτετο,
1465 1820 1613 1899 πρεσὸῦται
1634 1823 1661 1880 δέ
1682 1820 1726 1880 καί
1745 1811 1863 1876 θῦται·καί

1125 1912 1201 1988 ἱερεῖς
1216 1913 1263 1969 οὐκ
1276 1910 1372 1987 ἤρκουν
1389 1911 1414 1975 ἐς
1427 1908 1475 1976 τδις
1488 1910 1600 1989 ἐκφορθις
1619 1907 1664 1967 καὶ
1678 1906 1770 1976 ἐξόδους
1782 1900 1820 1963 καί
1831 1897 1866 1961 τίς

1113 1990 1277 2081 ’ἐπιταφίους
1288 1999 1356 2081 ᾠδάς
1368 1997 1414 2057 καί
1430 1998 1524 2076 εύχλις,
1539 1995 1600 2057 οὐδὲ
1611 2003 1644 2078 τῇ
1658 2002 1691 2075 γῇ
1704 1994 1812 2076 κρύπτειν
1822 1986 1867 2050 τοίιι

1127 2087 1344 2163 ἀπογινομένους,
1360 2087 1419 2143 ἀλλ’
1438 2084 1579 2162 ἐξέκαμον·
1595 2084 1749 2164 πανημέριοι
1761 2077 1806 2158 γθρ
1820 2079 1864 2133 δια·

1125 2182 1309 2254 καρτεροῦντες
1333 2174 1448 2253 άύρωτοι
1472 2173 1517 2232 κοιλ
1541 2173 1627 2234 ἄσιτοι
1658 2174 1742 2251 θέρους
1772 2164 1865 2244 ἀντέχειν

1126 2263 1192 2331 ὅλως
1205 2268 1253 2323 οὐκ
1267 2256 1353 2343 εἶχον,
1370 2265 1533 2334 ἀπέθνησκον
1547 2263 1575 2322 δὲ
1590 2267 1613 2323 οί
1628 2264 1673 2343 μὲν
1688 2268 1806 2342 τριταῖοι,
1816 2257 1836 2314 οί
1847 2251 1866 2308 δέ

1127 2359 1294 2429 τεταρταῖοι,
1309 2353 1334 2411 οἱ
1353 2351 1380 2409 δὲ
1399 2350 1445 2410 καί
1460 2352 1609 2426 ἐόδομαῑοι.
1653 2350 1684 2431 (ι)
1702 2347 1751 2408 Καὶ
1765 2346 1791 2405 τὸ
1803 2341 1865 2402 δεινόν

1125 2443 1184 2499 καθ’
1193 2440 1295 2520 ἡμέραν
1310 2440 1428 2498 ἐπεδίδου
1446 2440 1488 2498 id
1505 2441 1591 2512 πάσης
1605 2441 1707 2512 ἡλικίας
1720 2435 1767 2507 ἤδη
1777 2433 1867 2512 pmii,

1125 2526 1170 2586 καί
1185 2525 1229 2585 ἐπί
1252 2530 1350 2603 μᾶλλον
1366 2527 1507 2602 ἐξήπτετο,
1523 2526 1569 2586 καί
1590 2535 1607 2601 ἡ
1625 2528 1699 2593 πολις
1719 2522 1817 2589 ἐκενώθη
1829 2518 1868 2571 τῶν

1125 2616 1285 2697 οἰκητόρων,
1302 2620 1389 2675 ἀστῶν
1404 2639 1433 2674 τε
1452 2616 1497 2675 καί
1512 2615 1611 2693 ξένων,
1626 2614 1671 2675 καί
1686 2611 1776 2693 χωρίον
1789 2602 1866 2684 ἔρημόν

1125 2727 1150 2762 τι
1164 2704 1231 2771 ὅλως
1246 2706 1391 2784 ἀνθρώπιον
1409 2704 1493 2765 ἐδόκει
1507 2697 1587 2776 εἶναι,
1600 2709 1651 2762 τῶν
1666 2702 1710 2779 μέν
1726 2693 1868 2758 ἀπολωλότων

1125 2814 1154 2851 τι
1170 2792 1216 2851 καί
1233 2794 1421 2869 ἀπολλυμένων
1441 2818 1474 2873 τη
1494 2793 1580 2872 νόσῳ,
1597 2797 1647 2851 τῶν
1669 2792 1710 2863 δὲ,
1726 2779 1788 2865 ᾗπερ
1800 2780 1867 2860 ἔφηνε

1127 2881 1321 2958 ἐξοικιζομένων
1336 2906 1362 2941 τε
1374 2881 1419 2940 καλ
1434 2881 1599 2963 φευγόντων,
1612 2886 1663 2940 τῶν
1679 2877 1705 2937 δέ
1714 2879 1739 2935 ἐν
1751 2882 1798 2937 τοῖς
1809 2872 1870 2927 did:

1126 2969 1215 3047 ὥσπερ
1238 2970 1387 3028 καταδίκων
1409 2969 1670 3047 ἀποκεκλεισμένων·
1694 2964 1737 3025 καί
1757 2966 1770 3033 ’i
1792 2954 1867 3028 ἐίθθίί

1125 3056 1210 3126 πολλὴ
1227 3055 1272 3116 καί
1294 3056 1397 3130 ήλύπη
1421 3059 1450 3116 ού
1469 3056 1570 3135 φορητο)
1596 3055 1642 3116 καί
1657 3050 1759 3117 κοπετδς
1778 3044 1816 3106 καί
1828 3043 1873 3099 ἀλο-

1126 3144 1225 3224 φυρμδς
1238 3152 1391 3224 πανταχοῦ,
1406 3145 1483 3218 καλή
1501 3146 1651 3224 ἀπόγνωσις
1666 3141 1710 3203 καὶ
1726 3126 1867 3197 δυσελπιστία

1126 3231 1172 3299 τὰς
1186 3233 1291 3292 πάντων
1306 3234 1409 3313 ἐκράτει
1422 3233 1525 3314 ψυχάς,
1541 3233 1591 3292 καὶ
1607 3238 1624 3305 ή
1638 3236 1684 3302 τῆς
1698 3223 1806 3308 προνοίας
1817 3216 1869 3317 Q

1126 3320 1265 3399 ἐξερρύηκε
1280 3321 1355 3398 δόξα,
1379 3320 1424 3380 καί
1440 3321 1526 3379 πάντα
1541 3321 1602 3392 εἰκῆ
1624 3318 1668 3379 καί
1688 3322 1721 3383 ὡς
1744 3313 1810 3387 ἔτυχε
1825 3323 1867 3360 66·

1127 3408 1216 3484 μίζετο
1231 3408 1369 3489 φέρεσθαι,
1386 3412 1421 3475 ὡς
1435 3408 1537 3475 οὐδενὸς
1550 3410 1746 3470 ἐπιστατοῦντος
1757 3402 1801 3458 τῶ)
1814 3412 1867 3492 ’θ’θ’

1128 3497 1225 3572 μένων.
1246 3497 1327 3557 Οὕτω
1346 3496 1448 3564 πάντας
1464 3494 1588 3566 ἐξέπληξε
1609 3499 1682 3554 δτοῦ
1700 3491 1786 3553 πάθους
1797 3501 1867 3556 mpi-

1128 3587 1211 3661 λογος.
1858 3649 1864 3669 γ

1168 3672 1232 3733 xvi
1237 3675 1274 3733 ΙΙ.
1297 3671 1373 3741 Λέξω
1390 3672 1416 3732 δέ
1436 3672 1481 3733 καί
1497 3673 1561 3731 αιίτό
1576 3673 1608 3733 zi
1622 3662 1686 3738 εἶδος
1699 3673 1742 3740 τῆς
1753 3662 1826 3722 νόσου·
1836 3653 1869 3711 T‘

1127 3760 1175 3838 μέν
1200 3758 1251 3839 γθιρ
1267 3764 1358 3840 πρῶτα
1383 3759 1444 3839 περὶ
1467 3758 1526 3825 τοῦς
1548 3760 1683 3839 Ιθουύιῦνας
1704 3736 1867 3830 dempster&

1128 3848 1209 3906 δεινὸν
1222 3849 1389 3920 ὁποιδήποτε,
1400 3847 1447 3908 καί
1459 3849 1489 3907 τὸ
1501 3856 1611 3924 σημεῖον
1622 3851 1647 3906 ἐν
1659 3845 1753 3907 τούτοις
1764 3834 1869 3929 ἐδείδθῗξ

1128 3933 1146 4007 ή
1160 3936 1246 4013 μεῖζον
1261 3937 1278 4006 ἢ
1303 3935 1426 3994 ἔλαττον·
1447 3934 1537 3994 ἔπειτα
1553 3934 1718 4015 προσέθαλλε
1730 3923 1869 4006 σφοὸγῶέῗθ

295 4023 379 4083 λότων
393 4028 494 4095 πλῆθος
509 4029 620 4103 ἀριθμοῦ
635 4032 766 4103 κρεῖττον,
783 4029 807 4083 οῖ
823 4025 849 4082 δέ
863 4025 1003 4090 θάπτοντες
1022 4027 1067 4082 οὐκ
1126 4025 1241 4102 κεφαλῇ,
1254 4022 1300 4081 καὶ
1314 4024 1411 4103 θέρμας
1423 4023 1534 4103 ἰσχυρὰς
1550 4022 1661 4082 ἐνεποίει
1672 4018 1751 4097 ταύτῃ
1761 4012 1800 4073 καί
1811 4011 1870 4088 'ddi'

302 4133 1870 4175 --------—--—---———-——-—--·⁶···

326 4226 372 4290 §5.
385 4228 422 4277 ei.
437 4227 583 4279 seadeddin.
594 4233 617 4287 2,
634 4241 659 4290 p.
674 4232 719 4277 269
729 4245 735 4275 ι
747 4229 771 4277 ii
784 4228 842 4277 ri...
855 4226 1036 4291 ἀισίκαρροιιάο
1048 4227 1076 4277 la
1089 4226 1237 4289 ςναοιάαταο
1256 4240 1270 4275 ο
1287 4225 1315 4276 la
1328 4225 1459 4276 δαιάααοα
1470 4224 1658 4285 d’ischiender,
1671 4218 1794 4286 comparii
1806 4214 1823 4265 ii
1835 4218 1870 4259 69

294 4310 374 4363 paese
382 4300 410 4347 ιἰι
422 4299 473 4348 due
485 4300 662 4361 δοιιριοοοαιι,
676 4312 690 4347 ο
702 4299 721 4349 li
728 4298 828 4362 conseri
839 4298 913 4349 αάυο
924 4303 980 4349 suoi
991 4300 1122 4361 ministri,
1131 4300 1156 4347 ei
1170 4310 1236 4347 απσο
1250 4296 1269 4344 li
1278 4299 1336 4347 εαοι·
1345 4300 1447 4360 ρεοιιὶε
1456 4297 1512 4348 beni
1521 4298 1569 4349 che
1577 4297 1746 4349 iasciddietro
1758 4290 1782 4341 di
1794 4299 1818 4337 se
1827 4291 1871 4331 ddi
1902 4296 1903 4343 i

296 4383 360 4421 nero
366 4371 409 4420 nei
412 4373 489 4434 poter
498 4369 538 4420 de'
551 4372 666 4421 midiiiri
674 4372 753 4435 reqii5
765 4372 790 4420 ei
803 4370 853 4430 eqd·
865 4370 1072 4434 [αρμεοάοεισοη
1084 4370 1111 4420 ia
1125 4371 1190 4421 tesia
1202 4368 1277 4419 ιιιιιίο
1286 4383 1300 4419 ο
1309 4368 1416 4419 crudae
1427 4370 1505 4420 conte
1516 4368 1643 4434 laqiirimc
1656 4367 1709 4431 τρί’
1720 4359 1816 4416 στολίσι
1825 4359 1872 4403 iiis

295 4441 427 4491 Adriatico
448 4444 516 4491 ιιιιιο
537 4448 659 4503 confusa,
673 4442 747 4491 σοιἐἱο
767 4445 792 4491 ei
805 4439 939 4505 disperaio
950 4443 972 4490 si
985 4455 1091 4491 ιιαεοοσο
1102 4442 1131 4489 λιι
1142 4453 1180 4489 un
1194 4440 1318 4501 οσιάοιιο,
1334 4438 1401 4489 dove
1414 4442 1436 4488 σι’
1448 4444 1571 4491 consumi
1587 4444 1614 4492 ιἰι
1635 4451 1725 4491 cinere
1743 4435 1770 4485 di
1788 4427 1862 4505 ἀοίγδθ

294 4512 479 4575 scanderbegns
491 4512 514 4561 in
527 4512 652 4562 messione
665 4515 815 4562 Venetorum
836 4511 897 4562 urbe
911 4512 972 4562 sobri
985 4516 1099 4562 mortuus
1110 4516 1148 4561 est
1165 4523 1250 4560 mense
1269 4509 1379 4559 ianuarii
1396 4512 1467 4573 6976,
1487 4517 1544 4562 1466
1555 4515 1687 4572 (οσονοτο
1705 4510 1769 4567 1467,
1784 4503 1808 4551 ιιι
1817 4491 1872 4545 zuni-

295 4582 362 4632 οἰεοο
377 4584 471 4643 statuit,
485 4584 511 4633 et
523 4583 694 4633 multominus
710 4595 774 4633 anno
789 4586 855 4643 1466,
868 4584 897 4633 ut
908 4582 973 4646 apud
985 4583 1118 4633 Barietium
1129 4581 1284 4645 iaisoidgitur
1297 4585 1322 4632 ei
1330 4594 1388 4630 cum
1396 4578 1593 4633 iiioiiammerus
1602 4579 1707 4640 statuit).
1722 4580 1751 4626 v.
1762 4567 1872 4623 Ρθτιοίῑὸ

281 4666 320 4725 ἰ),
333 4658 386 4716 430,
407 4659 416 4704 1
433 4656 490 4704 ικαὶ
503 4660 537 4716 τῷ
557 4655 692 4719 Ἰανουαρίῳ
708 4658 760 4718 μηνὶ
774 4660 816 4703 τοῦ
834 4654 904 4703 αὐτοῦ
921 4656 985 4712 ἔτους
997 4655 1090 4719 (6976)
1110 4655 1151 4702 καὶ
1168 4652 1181 4702 δ
1199 4658 1240 4712 τῆς
1254 4651 1396 4707 mimda:
1417 4654 1525 4711 αὐθέντης
1545 4652 1679 4715 Σκαντάρης
1696 4650 1786 4704 iiiiii-⁵
1799 4631 1872 4703 iffi

297 4725 398 4789 θανάτῳ.
418 4725 429 4788 1)
445 4757 475 4767 -
488 4728 530 4783 τὴν
549 4725 621 4788 ἀρχὴν
631 4729 657 4775 et
669 4737 729 4774 mox
738 4727 777 4773 καὶ
792 4725 886 4788 χάρακα
899 4726 1024 4789 βαλόμενος
1034 4724 1092 4775 add.
1102 4737 1195 4788 margo.

326 4798 407 4846 xvii.
421 4794 435 4859 §
452 4802 473 4846 1.
491 4795 620 4851 Phrantzes
632 4807 656 4859 p.
668 4799 713 4845 429
725 4812 731 4844 ι
742 4799 790 4845 Τοῦ
805 4797 877 4845 αὐτοῦ
888 4797 973 4860 χρόνου
991 4798 1044 4861 (an.
1059 4795 1138 4858 6975)
1150 4801 1184 4857 τῷ
1203 4796 1261 4858 θίρει
1279 4796 1380 4859 ἐγεγόνει
1391 4799 1494 4856 τοσαύτη
1506 4796 1624 4860 λοιμώδης
1638 4794 1706 4847 νόσος
1720 4792 1743 4842 ἐν
1752 4803 1776 4838 ιτ
1785 4788 1810 4847 ‘i
1820 4781 1873 4854 5⁰²⁹:

295 4866 481 4916 σταντινουπόλει
492 4905 497 4928 ,
510 4864 693 4929 Ἀδριανουπύλει
709 4867 749 4915 καὶ
759 4867 927 4916 Καλλιουπόλτι
938 4870 978 4916 καὶ
990 4872 1040 4922 ταῖς
1053 4869 1116 4928 πέριξ
1130 4866 1209 4915 αὐτῶν
1227 4865 1310 4916 πόλεσι
1328 4871 1368 4918 καὶ
1382 4871 1488 4932 κώμαις,
1505 4867 1589 4917 ἀστεσί
1601 4882 1629 4914 τε
1646 4866 1686 4914 καί
1698 4862 1794 4927 χώραιιν
1804 4850 1839 4934 ‘’f“
1851 4858 1873 4889 δ’

295 4937 388 4997 γέγονεν
400 4937 484 4994 ἐντοῖς
496 4938 637 4999 παρελθοῦσι
654 4935 745 4999 χρόνοις
759 4937 786 4985 ἐκ
798 4939 885 4987 πολλοῦ
898 4943 993 5002 καιροῦ,
1009 4939 1072 4986 ὥστε
1083 4937 1232 4998 τεθνήκασιν,
1247 4938 1278 4994 ὥς
1293 4956 1361 5002 φασι,
1374 4941 1480 5005 μυριάδες
1492 4939 1573 4987 πολλαὶ
1586 4937 1723 4998 ἀνθρώπων.
1736 4930 1763 4982 ού
1771 4920 1870 4993 χιλῑαδίίο

295 5008 320 5058 ἐν
333 5009 367 5065 οῑς
384 5009 464 5066 δήκαὶ
479 5012 494 5067 ἡ
513 5012 555 5057 τοῦ
569 5009 684 5057 δεσπότου
697 5007 797 5071 θυγάτηρ
813 5010 828 5066 ἡ
843 5009 962 5071 ἀμηρισσα
976 5009 1083 5058 ἀπέθανε.
1098 5008 1109 5071 Ι)
1126 5035 1157 5044 -
1177 5011 1221 5058 οὐκ
1230 5008 1310 5058 οἷδ’...
1321 5009 1466 5073 ἐπελθοῦσα]
1480 5006 1538 5058 add.
1555 5019 1619 5069 tngo.
1637 5006 1693 5069 )Ι-
1708 5003 1722 5067 §
1736 5006 1758 5051 θ.
1776 4994 1810 5046 ἐπί
1823 4983 1866 5038 ⁶⁹⁶¹
1902 4984 1903 5057 ί

297 5079 337 5126 καί
353 5081 413 5143 τρισί
429 5078 538 5142 ἡμέραις)
559 5092 655 5143 margO,
674 5079 713 5127 ini
731 5079 772 5128 δύο
789 5081 830 5129 καὶ
841 5085 900 5143 τρεῖς
917 5072 1004 5143 ήμέρας
1022 5083 1085 5132 text.
1100 5079 1111 5143 1)
1129 5105 1162 5116 -
1181 5082 1203 5135 ἐς
1220 5082 1261 5137 τὰς
1275 5080 1372 5143 ἐκφορὰς
1384 5082 1424 5129 καὶ
1446 5078 1548 5142 ἐξόδους)
1563 5076 1624 5126 add.
1639 5073 1727 5140 1936))
1744 5065 1797 5129 ’θ
1810 5050 1870 5139 4·ίὸ
1902 5076 1903 5143 J

297 5148 406 5205 πάσης...
420 5149 527 5213 χωροῦν]
541 5149 599 5199 add,
617 5161 682 5212 ingo.
698 5147 709 5212 1)
724 5150 931 5212 -δυοελπιστίαΙ
954 5163 1029 5214 συρτει
1047 5165 1157 5209 versum,
1170 5150 1307 5201 disinteria
1320 5152 1346 5201 in
1362 5165 1446 5203 versu.
1459 5152 1471 5215 1)
1490 5152 1546 5199 -6
1565 5146 1711 5212 παράλογος)
1736 5133 1870 5194 subsidium

297 5216 390 5267 dicium
405 5222 434 5268 ut
449 5232 488 5282 ap.
501 5219 579 5269 Thuc.
595 5225 618 5275 2.
632 5224 671 5269 65.
687 5222 711 5278 7,
729 5224 767 5268 29.
781 5220 852 5268 ΡίιοιΔ
872 5222 930 5269 Lex.
942 5235 966 5284 p.
979 5225 1033 5281 966,
1046 5225 1083 5271 17.
1902 5224 1903 5233 ’

327 5289 416 5336 xviii.
431 5292 497 5346 Λέξω
506 5289 573 5353 eid]
592 5289 632 5340 ci.
645 5289 722 5353 pestis
732 5289 864 5353 descriptio
877 5291 942 5354 apud
959 5290 1128 5354 Thucydidem
1144 5298 1168 5354 2,
1182 5296 1212 5337 ⁴8
1241 5296 1256 5342 3
1269 5306 1323 5356 sqq.
1339 5293 1400 5357 (ἐγὼ
1412 5294 1436 5344 ii
1447 5292 1497 5343 αίαν
1510 5291 1602 5354 ἐγίνετο
1613 5291 1672 5347 λέξω
1682 5283 1760 5348 είεξ),
1777 5262 1874 5344 99919θέ
1902 5280 1903 5339 ἶ

1902 5462 1903 5475 ι

1902 5480 1904 5503 ί
