3890 6044
293 417 353 496 νιν]
730 400 738 417 ’
994 418 1190 482 inunum.

762 575 993 637 ιιιιιιιιιιιι
1017 574 1141 635 auxum
1163 575 1433 636 cuocnmrncr.

339 748 516 826 Appendicis
531 749 597 808 loco
610 749 669 808 sint
684 750 844 826 fragmenta
858 749 917 808 duo
934 748 1035 809 Lexici
1050 749 1254 828 geographici,
1269 769 1333 829 quae
1346 725 1460 829 publici
1472 748 1552 829 juris
1570 749 1638 808 lecit
1652 751 1819 810 Franciscus
1830 750 1880 810 be·

300 855 435 901 normant
448 843 481 902 in
496 844 643 922 philologi
660 859 742 904 tomo
755 844 845 923 XXV,
859 866 890 925 p.
910 854 965 919 147
980 866 1026 924 sq.
1049 847 1134 919 1867.
1915 912 1916 915 ,

338 965 352 992 ι
371 940 468 1010 Quum
485 942 607 1001 Athenis
629 943 782 1020 degerem,
802 944 851 1002 vir
869 944 1055 1003 doctissimus
1075 942 1191 1021 inquit,
1217 962 1295 1001 anno
1325 943 1400 1002 1863
1425 943 1561 1021 accepia
1585 943 1745 1023 capnopola
1767 943 1881 1021 quodam
1915 946 1916 1015 3

298 1036 402 1111 ligorae
417 1038 487 1097 lolia
498 1036 556 1097 duo
571 1039 720 1098 chartacea
734 1039 840 1118 quibus
855 1039 947 1099 herba
962 1040 1117 1100 Nicetiana
1129 1040 1262 1098 involuta
1275 1054 1346 1099 erat.
1361 1040 1471 1099 Horum
1485 1052 1595 1099 textum
1612 1040 1699 1099 hodie
1713 1039 1820 1120 publici
1833 1038 1878 1116 ju·
1915 1046 1916 1095 ἐ

298 1132 340 1191 ris
358 1133 443 1194 facio.
460 1134 610 1213 Scriptura
622 1137 720 1195 saculi
734 1135 815 1207 XlV,
829 1127 963 1212 diligenti
979 1156 1067 1194 manu
1082 1148 1218 1208 exarata3
1232 1138 1341 1215 pagina
1356 1155 1480 1214 quaeque
1493 1137 1525 1195 in
1539 1137 1611 1195 duas
1624 1137 1771 1195 columnas
1785 1136 1877 1195 divisa.
1915 1126 1916 1195 4

300 1228 403 1290 lnsunt
417 1231 577 1313 fragmenta
591 1231 681 1291 lexici
697 1232 885 1312 geographici
898 1231 1016 1290 aliunde
1030 1251 1090 1290 non
1104 1232 1184 1305 noti,
1198 1232 1250 1291 ubi
1264 1232 1384 1291 nomina
1396 1234 1429 1292 in
1439 1234 1545 1293 classes
1559 1233 1694 1292 distincta
1705 1246 1801 1305 erant,
1815 1244 1843 1289 ut
1853 1233 1879 1289 in
1915 1208 1916 1297 l

301 1325 378 1384 libro
397 1328 486 1386 latino
499 1327 581 1387 Vibii
595 1328 768 1406 sequestris.
786 1328 871 1403 Quod
889 1329 1016 1407 primum
1032 1328 1081 1387 hic
1101 1328 1235 1406 ponitur,
1251 1327 1287 1386 ad
1309 1328 1428 1387 urbium
1442 1329 1602 1405 catalogum
1618 1324 1759 1408 pertinet,
1774 1329 1879 1386 alterum
1915 1310 1916 1403 l

300 1424 455 1483 fluviorum
470 1426 591 1484 nomina
603 1426 817 1505 complectitur,
835 1426 911 1485 inter
926 1444 991 1502 quae
1009 1424 1151 1482 nonnulla
1165 1436 1234 1483 sunt
1249 1426 1337 1503 plane
1353 1446 1428 1484 nova
1443 1439 1529 1502 atque
1540 1425 1694 1503 hucusque
1707 1425 1844 1483 inedita.»

339 1519 434 1580 Urbes
447 1521 480 1587 in
493 1522 590 1601 primo
608 1523 770 1600 fragmento
790 1534 974 1582 recensentur
988 1523 1038 1595 67.
1054 1521 1134 1580 lnter
1149 1541 1197 1580 eas
1212 1541 1248 1595 27
1264 1535 1440 1593 occurrunt,
1459 1542 1524 1599 quae
1538 1522 1614 1600 apud
1629 1521 1803 1601 Stephanum
1817 1522 1876 1597 Byr.
1915 1522 1916 1591 l

299 1636 359 1693 non
371 1632 637 1679 commemorantur
651 1619 701 1699 (N.
716 1641 744 1681 a.
765 1622 794 1679 3.
820 1622 848 1681 5.
865 1622 893 1678 6.
909 1623 938 1679 8.
954 1640 983 1696 9.
1006 1640 1051 1680 ιο.
1069 1639 1116 1678 ιι.
1139 1640 1185 1679 ιι.
1204 1621 1250 1679 13.
1268 1619 1313 1679 15.
1334 1620 1380 1679 16.
1400 1640 1445 1696 19.
1460 1640 1507 1678 ao.
1521 1639 1568 1695 ²9·
1585 1620 1632 1679 32.
1653 1619 1700 1692 37.
1716 1621 1763 1696 39.
1780 1628 1823 1688 4ο.
1837 1625 1878 1685 44.
1915 1616 1916 1669 l

304 1715 354 1784 48.
364 1714 412 1774 56.
425 1716 473 1775 62.
484 1716 522 1773 66
533 1715 542 1794 l
553 1758 562 1788 ‚
574 1729 608 1791 at
617 1713 734 1775 urbium
746 1717 865 1775 nomina
878 1717 910 1775 in
920 1735 953 1775 ea
962 1716 1101 1795 Stephani
1116 1717 1202 1775 lexici
1214 1715 1441 1795 particula,quae
1453 1736 1518 1774 cum
1529 1729 1629 1775 nostro
1647 1718 1804 1793 fragmento
1815 1733 1882 1773 com·
1915 1722 1916 1763 4

304 1812 439 1889 ponenda
454 1824 513 1882 est,
526 1825 693 1870 enumerata
709 1811 883 1890 Anonymus
902 1830 1019 1890 quoque
1030 1808 1117 1869 habet
1130 1811 1230 1895 omnia
1246 1811 1293 1889 Γ).
1307 1812 1400 1870 Ροιιο
1414 1812 1546 1890 quinque
1560 1813 1650 1872 urbes
1666 1812 1772 1892 quibus
1785 1811 1883 1888 Μέγαρα
1915 1836 1916 1881 q

304 1926 411 1965 nomen
427 1920 506 1979 erat,
519 1921 548 1965 et
562 1920 620 1966 tres
632 1907 721 1966 urbes
733 1927 798 1986 quae
813 1904 923 1967 Μαδεών
934 1904 1125 1976 vocabantur,
1138 1904 1239 1964 eodem
1258 1928 1383 1984 prorsus
1396 1910 1500 1968 ordine
1511 1910 1690 1969 exhibentur
1703 1910 1778 1988 apud
1788 1921 1882 1967 utrum-

304 2021 372 2079 que.
387 2001 472 2072 Quod
486 2023 575 2080 quum
591 2023 659 2063 casu
677 2005 740 2061 lieri
753 2006 802 2061 vix
819 2003 960 2082 potuerit,
980 2000 1101 2060 dubium
1116 2014 1229 2060 nonest
1244 2004 1317 2081 quin
1332 2005 1504 2081 Anonymus
1519 2024 1590 2064 usus
1604 2006 1643 2064 sit
1659 2005 1807 2084 Stephano.
1819 2002 1880 2060 llum
1915 1994 1916 2087 4

303 2118 375 2160 vero
395 2118 460 2177 quae
480 2100 512 2158 in
533 2113 633 2159 nostra
652 2099 791 2179 Stephani
814 2090 941 2179 epitome
960 2118 1020 2159 non
1037 2099 1185 2174 leguntur,
1202 2118 1239 2157 ex
1253 2099 1355 2159 eodem
1379 2121 1469 2179 opere
1495 2103 1609 2177 integro
1635 2099 1837 2181 depromserit,
1851 2116 1881 2154 an
1915 2112 1916 2133 ¹

305 2194 423 2255 aliunde
437 2195 607 2268 adsciverit,
633 2197 664 2255 in
683 2196 781 2254 medio
798 2196 1023 2274 relinquendum
1037 2207 1091 2255 est.
1107 2193 1241 2254 Ceterum
1259 2216 1319 2257 non
1336 2197 1440 2257 desunt
1454 2198 1485 2255 in
1501 2197 1609 2274 quibus
1625 2200 1795 2276 Anonymus
1808 2213 1879 2254 ano·
1915 2218 1916 2241 ι

304 2303 364 2350 stro
376 2291 522 2371 Stephano
537 2293 662 2353 recedat.

984 2469 1112 2529 .l.

306 2688 310 2693 ·
361 2647 525 2729 Μιίαταυρα,
536 2647 646 2714 Λυδίας.
662 2645 814 2706 Τ1111νικ1ν
829 2644 1019 2727 Μαοταυρίτης
1033 2644 1080 2706 καὶ
1093 2646 1276 2739 Μασταυριύξ.

365 2746 479 2820 Μάστη,
494 2746 643 2815 Αἰθιοπίας.
658 2745 698 2807 Τὸ
712 2745 810 2804 ίθνικὸν
825 2745 977 2817 Μαοτίτης.

363 2842 659 2925 1ίάσ1αλα,11ραθίας.
675 2841 715 2903 Tb
726 2840 824 2901 idrmhr
840 2839 1010 2908 Μαοθαλιύς.

361 2941 579 3022 Μαοτραμιλλη,
601 2939 716 3006 Γαλλίας
731 2938 938 3019 Ναρὸωνηοίας.
955 2939 996 2999 Τὸ
1010 2937 1111 2998 ἐθνικὸν
1125 2939 1381 3018 Μαοτραμελληνός.

321 3060 334 3097 ι
359 3036 503 3117 Μάοτρον,
520 3036 718 3120 Παφλαγονίας.
734 3036 775 3097 Tb
787 3035 887 3096 ldrrxbr
900 3035 1043 3116 Μέστριος.

359 3136 490 3209 Macrin,
507 3135 706 3215 Παφλαγονίας.
720 3132 755 3195 Ὁ
766 3133 874 3206 πολίτης
888 3133 1042 3200 Μαοτυεῦς.

358 3233 509 3310 Illac-grim,
523 3229 656 3309 Ἆραόίας.
671 3230 705 3290 Ὁ
719 3230 827 3301 πολίτης
841 3228 1016 3308 Μααίαντύς.

359 3325 505 3402 Μίταλον,
521 3323 639 3404 Κρήτης.
655 3325 696 3386 Τὸ
710 3325 809 3382 ἐθνικὸν
826 3322 977 3390 Ματαλειίς.

358 3421 521 3502 Μάταυρος,
538 3419 670 3486 Σικελίας.
688 3419 729 3480 Τὸ
744 3419 841 3478 iternis
852 3422 1033 3497 Ματαυρῑνος.

330 3627 363 3690 (¹)
374 3624 446 3684 Quod
456 3638 496 3688 ap.
506 3623 591 3690 steph.
604 3622 644 3673 ed.
656 3624 730 3673 Mein.
744 3622 833 3686 legitur
847 3622 1055 3685 rllaicvimrcrov,
1066 3624 1132 3681 πόλις
1142 3624 1297 3689 Παμφυλίας,
1309 3622 1336 3673 id
1347 3636 1405 3673 sane
1416 3636 1456 3686 ap.
1469 3628 1623 3687 Anonymum
1633 3638 1681 3675 non
1694 3622 1786 3684 legitur.
1798 3621 1879 3694 Verum

298 3711 375 3761 quum
386 3709 435 3747 ror
455 3695 522 3751 πόλις
541 3707 555 3744 ο
569 3694 711 3758 conjectura
723 3690 864 3742 introducta
875 3692 908 3742 sit
926 3705 970 3755 pro
981 3707 1006 3742 ν.
1016 3693 1136 3755 ποταμός,
1150 3707 1223 3757 quam
1238 3694 1335 3744 codices
1345 3693 1467 3757 praebent,
1478 3707 1510 3744 ex
1524 3693 1662 3757 fragmento
1676 3692 1758 3744 nostin
1770 3698 1879 3748 consequt-

298 3772 339 3819 tur
351 3767 434 3832 potius
444 3779 531 3817 rocem
543 3767 648 3828 ποταμὸν
660 3767 726 3815 recte
740 3763 831 3813 habere
843 3762 968 3813 civilium
980 3763 1055 3814 latere
1067 3765 1091 3813 in
1102 3778 1126 3814 r.
1138 3765 1323 3825 Μαλινίτπιιον,
1334 3763 1400 3827 quod
1414 3761 1585 3826 corrigendum
1596 3764 1673 3816 luerit
1686 3765 1711 3814 in
1724 3760 1878 3815 dirimimur:

298 3840 336 3890 rel
356 3840 381 3890 in
393 3836 571 3889 Μιλανιτπίων.
591 3834 667 3886 Simili
679 3834 740 3885 vilio
752 3835 777 3884 in
791 3833 899 3885 secundo
909 3834 1030 3898 Anonymi
1042 3836 1177 3899 fragmento
1190 3835 1256 3888 inter
1274 3834 1407 3885 duriorum
1424 3835 1523 3885 nomina
1538 3834 1617 3885 codex
1635 3835 1711 3887 habet
1727 3832 1831 3898 Κάρνειον
1843 3837 1880 3891 pto

297 3914 318 3961 l(
364 3926 414 3959 corr.
1026 3914 1034 3925 '
1453 3922 1461 3939 ·

320 3927 513 4043 Titianum]
528 3982 595 4029 Duas
606 3976 712 4029 nominis
725 3976 822 4040 gentilis
835 3976 926 4027 formas
940 3976 1079 4040 Stephanus
1092 3990 1191 4041 quoqpe
1201 3975 1285 4027 babet.
1307 3974 1318 4039 11
1330 4000 1362 4013 -
1373 3981 1397 4025 2.
1416 3973 1520 4039 Mirm]
1533 3979 1686 4027 memoratur
1697 3988 1736 4039 ap.
1748 3969 1880 4025 eicient.

298 4054 322 4106 7.
336 4056 375 4100 25.
396 4050 407 4114 44
421 4079 451 4092 -
462 4053 486 4098 3.
499 4043 626 4112 meamet]
639 4047 740 4097 Ptolem.
759 4055 789 4107 tt,
809 4049 837 4108 7,
850 4051 881 4098 3³
893 4061 918 4110 p.
933 4051 993 4109 109,
1007 4052 1037 4098 13
1051 4047 1091 4098 ed.
1107 4048 1182 4098 Wilb.
1199 4047 1286 4112 11-1.
1298 4039 1481 4110 Μαστραμελλη]
1495 4047 1535 4096 sic
1546 4047 1621 4097 eliam
1636 4047 1714 4098 codex
1725 4043 1820 4095 ildinus
1832 4040 1879 4087 ste·
1915 4070 1916 4113 q

298 4119 387 4183 phuni,
407 4120 450 4169 sed
466 4119 626 4181 Μαστραμίλη
640 4116 716 4167 ceteri
731 4115 803 4167 codd.
819 4121 844 4167 et
857 4117 949 4168 Plinius
969 4121 997 4177 3,
1018 4122 1084 4170 slei
1099 4118 1207 4169 Avienus
1222 4120 1272 4167 ora
1289 4115 1371 4167 marii.
1387 4118 1441 4166 1191.
1473 4116 1483 4181 ΙΙ
1512 4122 1607 4167 -5et
1626 4116 1773 4178 (1.111οτρον
1794 4110 1880 4162 etita·
1915 4134 1916 4181 q

298 4192 359 4239 oric
372 4193 431 4239 sunt
445 4189 530 4239 lormae
542 4188 648 4239 nominis
659 4186 769 4250 eiusdem
780 4186 828 4251 (ci.
845 4188 964 4250 μαστιία,
981 4190 1085 4251 pectit,
1099 4190 1217 4252 μαστρία,
1228 4187 1344 4252 μάοτρος,
1360 4187 1470 4250 μαστήρ).
1487 4187 1566 4251 Vulgo
1578 4186 1639 4237 urbs
1654 4186 1744 4237 dicitur
1755 4185 1881 4257 ’λμααςιιν
1915 4188 1916 4253 3

296 4260 427 4323 ῑιμάστρα,
438 4260 575 4322 Ἀμάστριον
591 4259 639 4322 (P.
652 4258 789 4320 wesseling
802 4257 833 4308 ad
855 4258 962 4310 Hiemcl.
979 4273 1005 4323 p.
1019 4264 1072 4310 196.
1093 4260 1199 4323 Porthey
1212 4260 1238 4309 in
1257 4256 1338 4309 indice
1352 4257 1383 4306 od
1395 4256 1501 4306 it'otiiias
1516 4270 1552 4320 gr.
1574 4257 1777 4321 Episcopatuum
1788 4247 1879 4301 11110111Ι
1915 4256 1916 4325 3

299 4333 373 4391 111116,
388 4344 412 4394 p.
427 4335 472 4381 334
483 4331 500 4392 ).
514 4328 1023 4392 Mostmmprabeturu.1>euting.,dum
1034 4332 1123 4394 Geogr.
1138 4333 1199 4380 Par.
1212 4342 1241 4394 p.
1259 4325 1378 4391 100,³in
1390 4322 1879 4391 eodemTabulaeltinemriohabetamc·
1915 4336 1916 4391 3

295 4406 362 4453 alra.
377 4400 460 4452 Altera
471 4401 550 4451 torma
564 4400 666 4458 Μαατὺη
680 4400 790 4450 occurrit
804 4400 870 4464 apud
884 4400 988 4451 Plinium
997 4406 1024 4462 5,
1040 4407 1054 4451 2
1069 4401 1217 4465 :oppidum
1237 4401 1355 4461 Tium...
1366 4396 1471 4461 fluuius
1481 4396 1656 4460 Βληίιςαίίια
1674 4403 1820 4462 quem-cens
1832 4391 1878 4466 P‘l'
1915 4398 1916 4433 i

295 4474 485 4538 phiacoriioa..
496 4472 627 4536 oppidum
640 4473 748 4535 Mastya
762 4471 925 4523 Milesiorum
935 4486 945 4535 ;
956 4472 1017 4522 deiri
1035 4477 1157 4533 Cromna,
1171 4473 1196 4523 in
1214 4469 1306 4535 quibus
1318 4472 1454 4534 Martiam
1464 4469 1668 4531 essehmasirim
1682 4468 1770 4517 urbem
1784 4475 1813 4512 es
1827 4468 1880 4508 seue
1915 4482 1916 4537 3

295 4543 406 4595 locorum
418 4544 496 4606 patet,
517 4554 669 4605 quamquam
685 4539 712 4590 id
728 4540 802 4590 latuit
816 4540 922 4590 Plinium
934 4540 1014 4604 quiin
1027 4553 1095 4604 seqq.
1116 4543 1206 4605 proter
1216 4540 1328 4591 ordinem
1345 4553 1376 4591 ex
1392 4539 1441 4593 alio
1459 4541 1527 4592 tonte
1547 4542 1669 4591 memorat
1685 4543 1806 4613 sesamon
1821 4523 1881 4594 quod
1915 4548 1916 4589 g

295 4624 369 4666 nunc
384 4614 528 4664 Amastris.
540 4614 667 4663 Μαστιὲων
682 4610 707 4660 in
725 4623 826 4661 nummo
838 4609 1008 4675 Paphlagoniae
1023 4610 1149 4674 habesap.
1168 4610 1276 4661 Mionnet
1287 4609 1421 4675 supplem.
1434 4609 1484 4661 vol.
1502 4614 1531 4672 1,
1550 4624 1574 4675 p.
1590 4608 1644 4671 568,
1658 4622 1685 4658 ιι.
1710 4611 1759 4657 tui.
1777 4597 1882 4654 [rieul
1915 4616 1916 4673 j

295 4683 400 4736 nominis
411 4682 548 4747 ’λμὰοτριον
564 4681 676 4743 abjicitur
688 4680 753 4731 sicut
767 4694 811 4744 pro
820 4681 918 4737 ’λλυκος
933 4680 1009 4731 etiam
1020 4682 1098 4738 Λύκος
1109 4679 1245 4730 dicebatur.
1258 4677 1269 4744 44
1287 4686 1349 4730 -11,
1362 4680 1488 4745 hlutrein]
1501 4680 1541 4731 Sic
1552 4680 1641 4745 legitur
1653 4678 1729 4729 eiiam
1741 4688 1779 4740 ap.
1790 4668 1880 4723 511110·
1915 4680 1916 4725 i

295 4768 351 4807 nnm
370 4768 394 4819 p.
410 4758 465 4813 111,
479 4761 494 4805 4
508 4756 533 4803 et
544 4756 574 4803 17
587 4751 626 4802 ed.
645 4749 739 4807 nidor..
753 4748 794 4799 ubi
808 4749 910 4814 plurimi
920 4750 1017 4802 codices
1028 4752 1150 4810 Μέταλον,
1161 4751 1297 4813 Μὲταλλον,
1313 4750 1447 4811 uexato.
1461 4748 1533 4815 Apud
1544 4749 1651 4800 Ptolem.
1665 4746 1689 4809 3,
1705 4751 1742 4809 15,
1755 4758 1780 4808 p.
1793 4740 1843 4797 213.
1856 4739 1880 4784 ¹⁸

294 4825 334 4875 cd.
354 4823 429 4876 Wllb.
445 4823 541 4874 codices
554 4821 670 4872 Μιταλία.
690 4822 718 4871 ln
735 4820 873 4871 Stadiasmo
888 4820 963 4871 Muris
981 4820 1062 4884 magni
1075 4822 1082 4880 4
1094 4823 1123 4870 G.
1145 4820 1204 4871 Min.
1223 4820 1244 4880 1,
1262 4834 1288 4884 p.
1309 4819 1373 4881 507)
1392 4819 1467 4872 codex
1483 4821 1534 4876 :cic
1548 4818 1693 4870 Ματάλαν...
1712 4816 1760 4867 ἀπὸ
1771 4808 1877 4863 ilerd-lut·
1915 4842 1916 4887 i

295 4895 374 4946 Hodie
388 4894 506 4946 Matala.
522 4894 532 4957 ll
543 4921 575 4931 -
587 4895 611 4943 9.
630 4886 820 4956 ΜάτααροςῙΟί.
836 4890 873 4941 Si.
888 4892 944 4952 Byz.
963 4908 969 4939 ι
985 4891 1202 4954 Μάταυρος,τίλις
1220 4892 1340 4953 Σικελίας,
1351 4896 1450 4954 Λοκρῶν
1467 4892 1564 4953 κτίσμα.
1577 4890 1611 4939 ‘ld
1624 4889 1717 4937 ἐθνικὸν
1730 4884 1874 4958 turcotum
1915 4950 1916 4957 ἵ

294 4967 437 5031 Στησίχορος
448 4966 561 5028 Εὐφήμου
574 4968 629 5020 ταῖς
639 4966 785 5027 Ματαυρῖνος
799 4965 864 5024 γίνος
874 4964 943 5012 ὁτῶν
957 4963 1033 5023 uelde
1045 4963 1151 5019 ποιητής.
1167 4961 1256 5012 Strabo
1267 4965 1295 5023 6,
1311 4969 1340 5023 2,
1356 4967 1380 5021 9,
1393 4973 1418 5025 p.
1432 4966 1490 5019 228,
1505 4964 1534 5011 35
1548 4959 1589 5011 ed.
1603 4956 1659 5009 Did.
1674 4950 1844 5007 commemorat
1855 4961 1878 4991 1⁰
1915 5014 1916 5017 Ἴ

294 5036 347 5098 arpi
363 5036 487 5100 Ματαορον
496 5032 623 5091 σπήλαιον.
636 5036 720 5091 Quum
730 5031 828 5082 aliunde
841 5029 882 5080 hic
899 5030 988 5097 Sicilire
1000 5031 1070 5081 locus
1080 5045 1129 5082 non
1144 5035 1218 5081 notus
1232 5031 1280 5093 sit,
1298 5031 1422 5082 Strabonis
1432 5031 1508 5081 verba
1523 5030 1635 5080 mendam
1647 5027 1752 5077 traxisse
1766 5034 1819 5074 cum
1829 5015 1879 5066 ⁰¹1¹·
1915 5036 1916 5051 ³

295 5116 355 5155 vcro
374 5103 515 5169 suspicabar
526 5104 553 5155 in
565 5102 621 5154 ind.
636 5102 749 5153 strabon.
768 5115 793 5166 p.
809 5102 864 5152 979.
884 5100 1024 5165 Stephanus
1043 5101 1109 5167 enim
1130 5102 1208 5152 ltaliae
1221 5102 1307 5153 urbem
1324 5101 1351 5153 in
1368 5103 1501 5152 locrorum
1521 5097 1611 5152 ditione
1627 5097 1703 5149 sitam
1716 5102 1836 5160 perperam
1854 5082 1878 5133 in

293 5169 400 5226 Siciliam
411 5174 566 5226 irensiulbte
583 5172 662 5224 rideri
677 5172 768 5236 possit,
785 5170 900 5234 quoniam
911 5170 1001 5221 Suldas
1014 5171 1074 5223 dicii
1084 5190 1091 5223 ι
1103 5173 1273 5238 Στησίχορος...
1283 5175 1410 5239 Ἱμεραῖος,
1428 5172 1450 5222 ol
1462 5172 1543 5223 δὶάιιὸ
1556 5169 1693 5233 marsupia:
1706 5167 1778 5227 τῆςέν
1789 5155 1878 5240 'tasilo
1915 5186 1916 5189 ¹

293 5243 470 5296 Testimonium
489 5242 622 5310 Anonymi.
641 5242 731 5307 quippe
746 5240 814 5304 quie
831 5240 954 5306 Stephano
971 5242 1077 5307 pendere
1088 5244 1209 5309 rideatur,
1224 5244 1315 5295 nullius
1334 5242 1488 5294 cucurristis·
1500 5255 1554 5295 ease
1570 5239 1707 5305 putaveris.
1724 5234 1877 5289 nihilominus
