3906 6034
759 505 1036 572 FRAGMENTUM.
1683 527 1702 587 9

92 650 134 697 νος,
151 626 289 699 ιε’κληταιι
318 629 349 688 dd
363 614 451 690 αὐτοῦ
471 630 501 691 τὸ
521 631 568 706 μέν
584 656 609 690 τι
630 634 707 713 μίρος
725 636 877 716 Massyla,

95 715 122 773 ri
136 714 209 783 δἰξιθ
223 714 254 774 δὲ
267 716 346 794 ἄκρα
360 722 411 776 τοῦ
429 721 562 796 Πειραιῶς
578 718 731 780 Ἠετιώνεια
743 724 875 786 καλεῖται.

95 802 186 882 'Optat
201 803 233 863 δι’
247 807 328 863 ἔστιν
340 806 370 863 ἐν
384 806 519 887 Πειραιεῖ,
535 809 575 889 ἄρ’
587 799 616 866 οὗ
631 807 661 867 rb
681 814 728 882 τῆς
742 810 874 891 Ἀρτέμι-

99 893 134 957 ὼς
144 888 215 969 lapda
238 889 381 969 ἵδρυται)·
397 891 429 950 τὸ
452 891 479 950 dl
495 894 649 972 Φαληρικὸν
665 903 751 974 τεῖχος
770 896 875 969 sertem

101 977 206 1037 σταδίοιν
219 979 256 1037 λ’·
273 978 369 1038 πλατὺ
384 978 412 1039 dl
426 978 496 1038 ὥστε
506 982 551 1042 δύο
569 981 676 1061 ἅρματα
691 985 812 1056 ἀλλήλοις
831 1008 877 1044 σν-

102 1074 200 1124 maris.
216 1065 274 1127 ital
289 1070 309 1138 ἡ
325 1065 377 1142 μὲν
400 1071 454 1126 τῶν
469 1068 616 1140 Ἀθηναίων
630 1071 704 1138 πολις
719 1070 800 1139 οὕτως
815 1075 876 1131 trei-

101 1176 189 1293 2'Vh
213 1232 248 1293 '0
263 1232 291 1291 δθ
320 1234 512 1312 Θεμιστοκλῆς
527 1237 570 1296 διὰ
584 1234 633 1306 τὴν
658 1238 875 1317 ὑπερθᾶλλουσαν

105 1321 201 1377 σύνεσιν
226 1318 274 1378 καὶ
305 1319 405 1399 ἀρετὴν
431 1322 564 1400 φθονηθεὶς
588 1322 728 1403 ἐξεδιώχθη
752 1326 803 1383 ὑπὸ
825 1329 877 1389 τῶν

106 1407 259 1477 Ἀθηναίων,
274 1407 323 1466 καὶ
351 1407 513 1489 παρεγίνετο
534 1413 569 1479 εἰς
582 1406 688 1493 Ἄργος.
711 1413 877 1490 Λακεδαιμό-

7 1506 8 1527 ¹
104 1492 188 1552 νιοιθθ
203 1493 370 1563 ἀκούσαντες
386 1494 421 1555 τὰ
435 1495 496 1575 περὶ
517 1501 563 1569 τῆς
574 1500 801 1578 ἐγκεχειρισμένης
815 1523 877 1580 προ-

7 1648 8 1651 ,
103 1578 185 1645 Βασίας
214 1582 373 1655 Παυσανῖα,
399 1581 553 1663 πέμψαντες
575 1585 647 1665 αὐτῷ
671 1584 720 1656 τὴν
742 1586 874 1658 σκυτάλην

99 1667 289 1742 prescianus
303 1669 386 1727 αὐτὸν
400 1672 438 1739 ὡς
450 1671 690 1749 ἀπολογησόμενον.
704 1670 738 1733 Ὁ
757 1673 784 1732 δὲ
799 1677 874 1735 Παυ-

100 1754 187 1821 σανίας
208 1754 291 1814 belii
307 1757 344 1824 εἰς
372 1754 424 1828 τὴν
454 1759 582 1839 Σπάρτην
609 1759 802 1836 ἀπελογήσατο,
827 1760 872 1820 καὶ

933 642 1020 703 portus
1040 641 1136 692 divisim
1152 643 1278 705 bilariam3
1293 659 1350 709 pars
1372 648 1425 711 ey'iis
1438 650 1569 713 Monychia
1587 659 1703 717 vocatum

932 726 1047 778 deitriim
1065 729 1152 781 Piraeei
1173 744 1249 781 cornu
1267 732 1376 784 Eetionis
1395 734 1493 787 dicitur.
1517 741 1593 789 Porro
1616 740 1704 792 collem

932 815 1006 866 habet
1019 817 1133 877 Piraeeus,
1144 817 1169 867 iii
1187 820 1329 881 quotannis
1339 821 1423 872 Oianie
1434 827 1604 876 consecratum
1612 825 1630 890 );
1641 828 1705 877 Pha·

931 902 1021 953 lorinus
1037 903 1142 969 denique
1152 919 1238 955 murus
1254 910 1363 958 structus
1376 911 1416 959 est
1428 908 1453 959 iii
1463 910 1638 974 longitudinem
1649 917 1701 964 sta-

931 988 1029 1040 diorum
1046 992 1159 1055 trigintu;
1181 1006 1210 1042 ea
1229 1007 1289 1043 reio
1308 993 1413 1045 latitudo
1432 999 1487 1047 erat
1505 1000 1534 1048 ut
1548 997 1599 1049 duo
1616 1014 1705 1052 currus

931 1077 1038 1128 invicem
1058 1078 1105 1128 sibi
1125 1092 1255 1131 occurrere
1275 1085 1384 1145 possent.
1404 1082 1444 1134 Sic
1462 1083 1539 1149 igitur
1554 1087 1704 1139 Athenarum

932 1164 992 1215 urbs
1002 1165 1098 1216 munita
1109 1169 1156 1217 est.

962 1254 1194 1304 vitterbienses
1205 1258 1304 1319 propter
1316 1257 1432 1308 eximiam
1445 1228 1579 1311 sollertiam
1590 1264 1616 1313 et
1622 1264 1703 1314 riitu·

931 1354 984 1403 tem
1004 1351 1095 1402 invidia
1106 1365 1206 1417 pressus
1215 1356 1240 1402 et
1251 1353 1350 1405 civitate
1361 1355 1393 1406 ab
1405 1356 1597 1409 Atheniensibus
1610 1362 1704 1423 ejectus

932 1458 1009 1518 Argos
1022 1468 1048 1504 se
1057 1454 1170 1505 eontulit.
1185 1455 1363 1506 Lacedaemonii
1383 1459 1474 1519 antem,
1484 1472 1561 1521 quum
1573 1460 1605 1510 de
1618 1462 1703 1524 prodi-

932 1560 997 1611 tioue
1016 1573 1090 1623 quam
1112 1560 1245 1611 Pausanias
1265 1560 1400 1621 moliretur,
1417 1562 1609 1627 comperissent,
1627 1566 1704 1616 missa

931 1663 1024 1725 scytala
1035 1677 1100 1723 eum,
1114 1665 1144 1713 ut
1154 1676 1181 1714 se
1192 1668 1319 1727 purgaret,
1334 1669 1489 1716 revocarunt.
1507 1668 1584 1732 lgitnr
1608 1670 1701 1720 Pausa-

930 1769 984 1818 nias
998 1770 1110 1831 Spartam
1123 1780 1236 1818 reversus
1249 1781 1349 1818 eanmm
1362 1768 1434 1830 dixit,
1447 1772 1473 1820 et
1483 1783 1498 1819 a
1507 1769 1617 1836 deceptis
1629 1777 1704 1824 Luce·

100 1886 1697 1915 *m—

392 1958 620 2011 urbisainbitasao
633 1960 697 2011 stad.
707 1961 805 2025 Olymp.
814 1966 883 2013 243
892 1961 955 2012 stad.
968 1960 1078 2024 Thucyd.

394 2029 485 2079 Piraei
494 2030 639 2082 ambitusst
660 2064 820 2083 .......
838 2038 878 2082 66.

392 2101 481 2149 Murus
493 2098 580 2164 longus
611 2106 641 2153 93
659 2139 820 2153 .......
837 2108 876 2153 46.

396 2171 486 2219 liturus
500 2170 641 2222 Phalericus
656 2177 686 2222 19
689 2209 823 2223 ......
841 2179 879 2224 95.

103 2282 214 2333 Attamen
230 2296 268 2333 res
286 2283 387 2334 lubrica
404 2286 445 2335 est
462 2288 595 2349 equatuor
612 2289 734 2338 mensuris
755 2289 876 2353 ambiguis
898 2302 989 2339 novum
1011 2288 1098 2339 elicere
1116 2300 1194 2351 genus
1214 2285 1293 2337 stadii.
1311 2289 1348 2337 De
1371 2288 1441 2351 pedis
1463 2290 1535 2340 Attici
1553 2291 1703 2356 longitudine

101 2354 216 2413 1030816
228 2354 321 2417 metr.)
337 2357 410 2404 certo
421 2368 488 2405 nuuc
501 2360 598 2407 constat
609 2358 648 2419 (V.
661 2358 774 2408 Hultseh.
789 2361 833 2408 Gr.
852 2373 879 2409 ιι.
892 2371 966 2408 roni.
985 2359 1143 2421 Matremne,
1165 2357 1266 2415 Berlin,
1278 2361 1344 2415 1661,
1359 2371 1384 2420 p.
1399 2363 1428 2406 59
1438 2357 1459 2419 );
1472 2359 1600 2411 inderem
1615 2375 1701 2412 conse·

99 2421 182 2482 quitur
191 2422 298 2472 stadium
313 2424 428 2473 Atticum
446 2438 495 2474 non
509 2438 564 2475 esse
576 2425 702 2476 diversum
718 2425 749 2476 ab
762 2441 792 2477 eo
808 2426 874 2490 quod
891 2427 1046 2491 Olympicum
1064 2430 1177 2477 vocatur.
1195 2425 1346 2476 Herodotum
1365 2426 1505 2488 quidemst
1520 2429 1702 2493 xenophontem

100 2488 192 2538 riarum
210 2490 393 2553 longitudinem
417 2493 507 2543 reterre
522 2493 657 2546 secundum
676 2494 755 2546 stadia
772 2497 851 2546 multo
870 2496 981 2547 breuiora
988 2516 1000 2554 ,·
1011 2496 1102 2559 quippe
1115 2508 1221 2558 qnorum
1237 2493 1323 2545 decem
1339 2495 1390 2546 iere
1411 2496 1438 2545 iii
1452 2501 1509 2547 octo
1527 2499 1606 2548 stadia
1618 2501 1704 2562 Olym·

99 2558 152 2621 pica
171 2561 340 2623 computanda
360 2561 427 2623 siut,
451 2562 507 2613 inde
523 2577 538 2613 6
552 2565 669 2616 llennelio
688 2565 798 2615 nonnulli
811 2567 858 2617 riri
874 2566 949 2626 doeti,
963 2566 1028 2617 inter
1051 2580 1143 2630 eosque
1158 2566 1231 2616 etiam
1250 2565 1409 2629 llultsobius,
1429 2572 1591 2629 censuerunt,
1607 2571 1705 2633 probari

100 2628 144 2679 hoe
162 2630 257 2691 aientes
274 2631 307 2681 iis
323 2645 383 2694 quia
402 2632 536 2683 traduntur
559 2632 591 2685 de
607 2634 863 2700 longitudineriarum
875 2649 931 2698 qnae
948 2640 1007 2687 sunt
1019 2636 1051 2686 ab
1063 2635 1205 2687 Athenisad
1218 2634 1354 2699 Olympiam
1367 2639 1419 2686 eta
1438 2635 1554 2687 Sardibus
1566 2641 1661 2689 Susaet
1672 2640 1703 2689 ab

99 2700 192 2763 Epheso
202 2703 322 2761 Ouuaia,
334 2716 486 2766 quamquam
499 2703 531 2754 de
543 2704 636 2757 ratione
656 2706 743 2756 harum
755 2707 850 2757 viarum
870 2705 938 2756 hand
962 2706 997 2756 ita
1015 2709 1111 2757 constat
1123 2709 1152 2756 ut
1169 2704 1201 2755 de
1222 2703 1410 2760 diversa—stadii
1425 2718 1541 2755 mensura
1555 2706 1613 2758 inde
1625 2709 1704 2773 colligi

98 2770 187 2834 aliquid
200 2784 277 2836 posse
285 2772 349 2823 mihi
364 2772 485 2824 rideatur.
496 2774 544 2826 Sed
559 2776 591 2827 de
602 2776 642 2826 his
650 2776 815 2841 quidcumque
828 2776 934 2835 sentias,
958 2775 989 2825 ad
1010 2780 1120 2826 nostram
1137 2788 1189 2825 rem
1208 2774 1267 2823 nihil
1282 2773 1355 2834 iacit;
1377 2787 1433 2822 uam
1448 2788 1462 2823 a
1480 2775 1622 2838 Thucydide
1638 2777 1704 2838 ejiis·

98 2839 163 2889 nodi
177 2841 675 2909 nauiumatteiiumesse,eima10ribus
692 2845 814 2896 distantiis
831 2844 863 2893 ab
877 2858 906 2894 oo
924 2844 1015 2895 notatis
1029 2844 1180 2908 intelligitur.
1197 2842 1237 2892 sic
1250 2841 1367 2891 Corintho
1377 2844 1577 2907 Crommyonem,
1595 2846 1704 2909 itemque

100 2910 201 2961 616σή
212 2912 348 2962 Deceleam
364 2918 409 2963 116
426 2914 513 2976 stadia,
532 2916 619 2979 Sparta
631 2918 718 2979 Pylum
739 2919 800 2975 466,
825 2916 908 2963 Strato
931 2913 963 2963 ad
983 2918 1094 2976 Anapum
1117 2917 1146 2961 66
1168 2910 1248 2962 stadia
1267 2924 1321 2960 esse
1343 2910 1703 2990 61611.(4,19,1.4,45.4,9,

96 2988 121 3034 2.
138 2983 311 3047 1,31),σιιια
327 2983 410 3034 omnia
422 2988 490 3035 recte
502 2986 606 3047 habent,
622 2988 643 3037 si
655 2986 735 3037 stadio
746 2985 827 3035 Attico
843 2984 1088 3045 metiaris,dome1
1105 2993 1221 3031 mensura
1232 2979 1305 3060 stadii
1317 2979 1389 3029 istius
1404 2980 1522 3061 itinerarii
1534 2996 1578 3046 pro
1592 2985 1703 3035 numeris

96 3056 204 3116 66116,
220 3058 270 3105 466
288 3055 396 3118 ponendi
415 3057 521 3107 tuissmt
540 3063 593 3117 166,
616 3063 668 3115 166,
691 3063 744 3107 666.
763 3057 958 3106 consentaneum
978 3055 1052 3118 igitur
1072 3050 1238 3113 Thucydidem
1257 3053 1335 3129 eham·
1351 3062 1443 3131 iiiiinnii¹
1458 3050 1610 3134 Athenarum
1630 3066 1702 3135 men-

95 3135 150 3174 ruai
164 3137 221 3175 ease
235 3124 318 3175 dudio
339 3126 429 3176 Attico.
441 3126 566 3177 Ambitum
580 3126 685 3177 urbisin
701 3127 799 3187 tabula,
810 3140 883 3190 quam
899 3125 1001 3175 curtius
1012 3124 1134 3188 operisuo
1149 3121 1266 3185 adjunxit,
1276 3122 1365 3169 metior
1375 3119 1515 3200 'stadiorum
1528 3125 1567 3181 64,
1582 3123 1702 3186 siquidem

96 3192 120 3240 ἰ
128 3193 206 3245 latae
221 3194 329 3245 oeciduo
334 3194 406 3257 Juxta
419 3200 528 3247 veterem
541 3198 617 3248 istum
626 3210 726 3247 murum
740 3196 857 3260 procedas
868 3196 911 3259 qui
922 3209 938 3244 a
949 3195 1116 3258 Nympharum
1126 3191 1188 3241 colle
1200 3193 1267 3239 recto
1280 3191 1356 3270 ferme
1365 3189 1428 3239 linea
1439 3189 1471 3239 ad
1485 3193 1598 3241 Aluseum
1607 3197 1702 3256 perten-

94 3259 138 3310 ut.
147 3264 274 3314 heterna
283 3264 310 3313 iu
318 3262 444 3315 samem
452 3265 516 3315 muri
526 3266 650 3316 orientalis
659 3270 684 3315 et
699 3265 818 3325 borealis,
833 3265 903 3328 cujus
914 3264 1010 3314 6666161
1019 3264 1143 3313 rarissima
1158 3260 1273 3324 66661661
1285 3260 1388 3341 6666ρὶ6
1406 3264 1550 3323 supersunt,
1562 3276 1620 3343 que
1630 3266 1704 3315 rectis

95 3330 166 3381 hiera
187 3332 215 3381 iii
226 3331 315 3382 tabula
329 3333 518 3397 coniunguntur,
533 3336 633 3385 curtius
645 3338 701 3385 octo
713 3334 765 3384 lere
777 3333 856 3384 stadis
871 3337 1011 3397 computat,
1028 3334 1089 3384 adeo
1102 3336 1130 3383 ut
1148 3330 1264 3381 circmtus
1277 3332 1309 3379 sit
1322 3329 1458 3410 stadiorum
1475 3334 1541 3411 466
1556 3330 1705 3412 quibussex

95 3400 226 3451 6161666616
241 3401 324 3451 stadia
336 3402 504 3453 subtrahenda
517 3407 543 3454 et
561 3404 626 3454 muri
639 3405 704 3468 parti
720 3418 768 3453 uon
786 3403 915 3453 custodita
924 3403 1054 3453 tribuenda
1066 3407 1133 3454 sunt.
1147 3402 1328 3463 Relinquantur
1335 3403 1409 3463 igitur
1419 3399 1498 3480 stadm
1507 3405 1546 3461 36,
1557 3415 1602 3465 pro
1612 3402 1703 3465 quibus

94 3468 118 3517 iii
136 3470 288 3533 Thucydide
305 3471 382 3521 hahes
400 3476 441 3522 ts.
465 3476 501 3523 lix
514 3487 544 3525 eo
562 3474 615 3539 lpso
631 3477 715 3524 antem
735 3474 834 3537 cohigas
849 3474 875 3522 in
893 3474 969 3524 latere
986 3473 1090 3525 occiduo
1109 3473 1162 3522 urbi
1187 3469 1327 3521 addendum
1345 3483 1400 3552 esse
1417 3470 1581 3552 triangulum,
1605 3472 1670 3553 quod
1688 3487 1705 3523 a

93 3540 265 3604 lympharum
290 3546 316 3591 et
332 3542 413 3593 Musei
432 3542 538 3594 collibus
552 3557 639 3595 versus
656 3557 772 3594 oceasum
793 3543 923 3593 hibernum
936 3544 1061 3605 excurrit,
1074 3548 1100 3595 et
1113 3542 1240 3607 quodjam
1251 3555 1266 3591 a
1278 3539 1443 3621 Themistocle
1460 3555 1485 3621 ¹.¹¹
1502 3540 1571 3591 urbis
1583 3542 1703 3624 ambitum

93 3613 223 3672 1666164666
243 3622 301 3661 esse
315 3615 395 3674 reete,
410 3613 504 3676 opinor,
519 3614 607 3664 statuit
629 3615 739 3664 curtius.
764 3616 818 3664 lloe
830 3626 890 3664 nero
915 3615 1104 3678 incompotem
1126 3615 1252 3673 assumto,
1274 3612 1391 3661 circuitus
1414 3611 1484 3660 urbis
1514 3614 1606 3691 septem
1618 3613 1704 3663 stadiis

93 3684 208 3743 mur,
221 3680 287 3731 adeo
300 3685 330 3732 ut
349 3697 394 3747 pro
409 3689 441 3735 96
459 3684 569 3735 obtineas
591 3690 631 3747 46,
641 3690 703 3749 quot
718 3685 793 3736 tradit
808 3685 969 3747 Thucydides.
985 3686 1053 3735 Idem
1068 3684 1153 3735 Pirnei
1167 3682 1301 3747 peninsula
1315 3681 1481 3763 ambitumotl
1493 3681 1630 3761 stadiorum
1648 3696 1703 3732 esse

92 3746 165 3808 urit,
185 3746 264 3814 atque
286 3751 390 3803 tetidem
404 3754 457 3817 ipse
478 3754 503 3803 iii
524 3754 613 3804 tabulis
635 3756 726 3806 nostris
739 3756 835 3806 metior.
860 3755 955 3814 Quodsi
968 3756 1068 3806 Curtius
1089 3753 1186 3804 nonnisi
1208 3758 1236 3802 61
1258 3752 1338 3802 stadia
1360 3751 1461 3832 colligit,
1474 3750 1499 3800 id
1511 3750 1568 3831 inde
1581 3750 1623 3835 ¹³²)
1637 3751 1704 3813 quod

93 3830 136 3881 per
147 3820 215 3871 ostia
229 3823 287 3871 Tere
302 3825 329 3872 et
339 3822 477 3886 Munychias
491 3828 609 3888 portuum
622 3825 746 3876 metiendo
765 3825 888 3889 procedit,
907 3825 1023 3889 neglectis
1032 3825 1121 3874 horum
1134 3826 1251 3887 portuum
1264 3822 1375 3882 sinubus,
1390 3835 1433 3885 qui
1446 3833 1559 3902 quamuis
1573 3821 1702 3881 ἀφυλακτοι

92 3894 194 3950 aaut,
211 3891 241 3940 lu
257 3895 402 3955 eompirtum
419 3896 503 3944 tamen
515 3894 604 3944 eodem
618 3896 675 3958 jure
688 3896 819 3960 recipiendi
832 3899 893 3947 sunt
905 3910 956 3959 quo
968 3896 1039 3946 litora
1058 3894 1176 3946 canthari
1189 3895 1217 3944 et
1233 3892 1320 3943 Piraei
1337 3895 1455 3972 portuum
1474 3894 1634 3972 recipiuntur.
1665 3896 1702 3942 Ex

94 3961 224 4025 neugma
241 3962 292 4012 illis
310 3962 397 4013 stadiis
415 3963 540 4015 6661611116
548 3968 617 4015 erant
626 3965 739 4028 triqinta3
749 3967 811 4030 hee,
826 3968 849 4017 si
859 3967 976 4018 metiendi
986 3967 1083 4017 initium
1097 3966 1122 4015 iii
1130 3969 1241 4016 extremo
1251 3963 1323 4013 litore
1335 3962 1446 4012 orientali
1464 3974 1576 4024 posueris
1597 3962 1703 4043 indeque

93 4040 136 4091 per
151 4031 219 4081 ostia
238 4031 377 4093 hlunyehiae
391 4036 416 4083 et
431 4037 487 4083 zen
505 4035 665 4099 processeris,
685 4041 752 4088 recte
767 4040 979 4103 pertinentesque
996 4038 1028 4089 ad
1051 4038 1142 4088 ostium
1164 4034 1250 4085 Pireei
1268 4032 1335 4096 quod
1352 4032 1390 4113 ab·
1403 4033 1480 4112 altera
1497 4036 1567 4095 parte
1586 4034 1702 4084 Eetioueo

94 4099 265 4160 promuntorio
282 4101 414 4152 clauditur.
434 4103 472 4153 Ab
486 4103 535 4153 hoo
549 4104 716 4167 promontorio
730 4106 786 4170 (ubi
805 4108 870 4158 intra
882 4111 989 4158 veterem
1002 4121 1100 4158 murum
1117 4120 1210 4156 norum
1222 4104 1454 4183 quadringentiens
1466 4104 1606 4181 stuxeriint.
1623 4103 1701 4154 Thnc.

95 4174 118 4225 t,
136 4170 184 4233 96)
193 4182 276 4232 iisque
289 4171 322 4221 ad
337 4172 406 4221 urbis
418 4172 548 4223 circuitum
562 4174 722 4238 madraginta
737 4176 788 4227 tere
802 4180 862 4227 sunt
874 4176 970 4235 stadia3
979 4177 1033 4226 baec
1045 4177 1126 4240 ipsaa
1144 4173 1287 4236 Thucydide
1298 4172 1401 4222 indicari
1413 4182 1535 4234 suspicor,
1545 4186 1622 4235 quum
1633 4177 1701 4231 totus

94 4237 135 4288 lic
147 4244 260 4303 4666166,
271 4253 304 4291 ne
316 4241 410 4305 absque
425 4243 545 4294 tutamine
556 4247 642 4307 portus
653 4245 841 4308 relinqueretur,
854 4246 1002 4297 muniendus
1014 4251 1040 4297 et
1058 4245 1233 4296 custodiendus
1250 4247 1329 4301 esset;
1346 4255 1496 4305 quamquam
1511 4244 1587 4296 rerba
1601 4243 1701 4307 Thucy-

95 4307 159 4360 Aius
175 4312 212 4361 ita
229 4309 337 4373 babent,
355 4316 385 4363 nt
406 4315 460 4364 tum
481 4316 588 4364 exterior
608 4316 661 4364 tuin
683 4315 784 4366 interior
798 4331 885 4366 murus
906 4317 995 4381 longus
1013 4323 1044 4368 46
1059 4312 1701 4395 6661666616166661666166666666616666ίί6ιί

96 4381 202 4441 poterut
211 4394 264 4431 uon
278 4394 406 4445 asseqnm.
421 4384 557 4444 ceterum,l
572 4387 602 4434 ut
614 4384 674 4434 illuc
692 4388 809 4448 revertar,
831 4386 1000 4437 Aristodemus
1017 4388 1054 4438 ita
1072 4388 1190 4451 loquitur,
1208 4389 1238 4437 ut
1247 4398 1333 4435 ornnes
1342 4386 1404 4435 istos
1414 4396 1500 4451 muros
1510 4398 1525 4433 a
1536 4385 1698 4435 Themistocle

96 4454 205 4501 erutos
221 4465 279 4502 esse
294 4456 389 4504 lentare
403 4457 503 4517 putasse
515 4455 637 4505 rideatur.
661 4455 717 4518 11-
735 4456 873 4519 Μουνυχία]
888 4458 1023 4521 Μουνοοχία
1041 4458 1096 4507 cod.
1114 4460 1124 4520 ΙΙ
1148 4454 1337 4519 -Ἧετιώνεια]
1351 4456 1527 4513 ηετινττινυνδιοι
1536 4457 1642 4535 καλεῖται
1656 4468 1698 4504 66·

97 4519 153 4569 dea.
171 4523 201 4571 v.
218 4521 331 4585 Thneyd.
350 4528 375 4586 6,
393 4528 433 4586 96,
449 4529 473 4587 4,
492 4518 671 4577 Demosthenes
687 4528 771 4576 contra
784 4526 933 4576 Theocrineu
951 4527 966 4590 §
983 4532 1022 4588 67,
1038 4541 1062 4590 p.
1078 4532 1151 4588 1646,
1168 4526 1294 4578 Plutarch.
1308 4528 1338 4575 A.
1351 4527 1423 4574 oratt.
1437 4537 1459 4573 c.
1483 4532 1503 4583 1,
1518 4529 1543 4585 9,
1555 4523 1661 4604 Phqhus
1673 4528 1699 4575 et

99 4590 201 4641 19111611
215 4605 242 4641 r.
266 4592 420 4655 Ἠετιώνεια,
442 4595 601 4658 llarpocratlo
616 4608 642 4645 7.
652 4596 784 4645 ’41666616ι
799 4595 810 4658 ΙΙ
823 4622 854 4631 -
864 4597 892 4658 tp
906 4596 945 4658 οὗ]
963 4598 996 4658 ἐρ’
1006 4599 1033 4645 ὃν
1046 4597 1102 4646 cod.
1116 4599 1127 4662 ΙΙ
1139 4625 1171 4635 -
1181 4598 1222 4648 δύο
1237 4593 1475 4661 θρματα]11.Τ1166.
1492 4599 1513 4654 1,
1524 4599 1563 4655 9³,
1574 4592 1648 4642 Diod.
1663 4597 1697 4655 ll,

98 4663 139 4717 96,
150 4667 174 4717 2,
185 4662 311 4727 Aristoph.
323 4667 370 4713 Ar.
383 4668 451 4716 1197.
466 4664 557 4715 Similia
571 4665 602 4715 de
616 4679 688 4716 muro
696 4666 827 4729 Babylonis
837 4680 876 4731 ap.
888 4667 966 4717 strab.
981 4681 1006 4731 p.
1019 4673 1073 4717 666.
1442 4734 1448 4745 ⁸

131 4731 443 4798 vindicassemus]
458 4736 591 4786 Pausanias
597 4738 670 4788 classi
679 4741 820 4787 Graecorum
835 4737 975 4801 prefectus,
989 4741 1119 4801 postquam
1131 4740 1181 4804 (Ol.
1199 4736 1492 4800 inhumanandum
1507 4738 1697 4814 expugnarerat,

99 4812 192 4852 Μαια
203 4803 333 4855 1666166416
349 4805 435 4856 6116611
449 4809 477 4856 61
488 4820 547 4857 rere
559 4808 617 4857 anni
639 4812 685 4858 476
702 4807 853 4871 principatus
869 4808 901 4857 ad
921 4808 1080 4859 Athenienses
1099 4810 1222 4860 66661161.
1239 4811 1377 4859 1166666166
1397 4806 1521 4886 86661661,
1536 4804 1579 4853 sed
1597 4816 1699 4853 erimine
1754 4818 1758 4825 ¹

99 4870 235 4938 Mutus,
248 4888 308 4924 mox
318 4876 433 4938 privatus
451 4877 595 4939 Byzantium
606 4877 681 4928 rediit
690 4878 774 4943 ibique
789 4878 856 4942 degit
870 4892 949 4942 usque
962 4878 1024 4929 dnm
1037 4893 1052 4929 a
1063 4881 1164 4931 Cimone
1177 4881 1316 4944 ejiceretur.
1328 4879 1381 4926 lloc
1392 4876 1493 4954 rondgit
1505 4875 1544 4924 Ol.
1559 4879 1600 4934 77,
1609 4878 1633 4923 3.
1642 4877 1697 4924 476.

100 4940 171 4991 ”isto
188 4942 264 5007 igitur
284 4946 412 5007 ternpore,
439 4949 644 5018 quoueroeotus
665 4949 798 4999 Pausanias
810 4950 903 5012 Spartae
918 4948 1067 5011 morabatur,
1085 4964 1128 5013 per
1143 4953 1237 5013 septem
1255 4960 1332 4996 annos
1347 4947 1455 5025 Byzantii
1467 4945 1642 5026 6666166661,
1663 4943 1699 4993 utl

100 5012 334 5065 6666616666
352 5020 378 5074 9,
403 5020 413 5064 1
433 5035 440 5064 z
466 5019 529 5066 llaec
553 5017 615 5068 urbs
634 5019 743 5070 eondtto
761 5020 897 5084 (κτισθεῖσα
914 5034 957 5083 pro
975 5023 1087 5079 κτηθεῐσα
1112 5021 1139 5069 16
1161 5020 1228 5069 toute
1249 5031 1294 5068 suo
1315 5019 1428 5066 tustinus
1448 5015 1548 5079 legerit)
1570 5017 1659 5097 primo
1681 5028 1699 5064 a

100 5082 230 5137 Pannonio
243 5089 268 5136 et
279 5099 331 5150 per
343 5087 543 5151 septentriones
554 5101 672 5152 possesso
681 5089 743 5153 sutt.
756 5091 818 5141 ilinc
841 5091 945 5141 Ooloiim
959 5091 984 5141 in
998 5091 1118 5142 Troadem
1137 5090 1247 5150 transiit,
1262 5088 1305 5137 ubi
1327 5097 1404 5150 quum
1423 5085 1516 5166 nefasta
1529 5085 1630 5135 oonsiha
1642 5098 1698 5135 eum

102 5152 175 5205 Persis
191 5157 377 5207 communicare
397 5160 520 5220 pergeret,
539 5157 571 5207 ab
584 5160 684 5224 ephoris
696 5160 773 5212 misso
786 5176 843 5212 eum
856 5163 949 5224 scytale
958 5176 1071 5226 precone
1087 5161 1180 5221 (Thoe.
1196 5165 1217 5219 1,
1233 5157 1336 5220 161166
1356 5169 1456 5206 mnsam
1461 5154 1593 5237 61666666
1614 5168 1697 5207 mees-

96 5221 154 5274 situs
169 5230 214 5278 est.
232 5229 268 5278 lte
286 5231 345 5279 tum
358 5227 464 5291 quidem
482 5228 563 5278 statim
575 5230 687 5281 convinci
709 5232 817 5282 criminis
836 5233 929 5295 potuit,
943 5232 1042 5282 undem
1059 5244 1118 5282 vero
1135 5243 1178 5293 per
1194 5228 1313 5293 Argilium
1325 5223 1544 5307 doloproditionis
1560 5226 1695 5289 patefacto,

97 5304 174 5353 lm
189 5297 259 5349 dedit
282 5299 349 5362 (469
367 5297 495 5359 661466).
514 5323 546 5334 -
567 5300 671 5351 Omnem
692 5301 754 5352 hane
767 5316 840 5366 quam
859 5303 944 5366 paucis
960 5302 1034 5361 mods
1053 5300 1198 5353 adumbrari
1221 5297 1347 5349 Pausania
1369 5296 1496 5345 historiam
1510 5295 1633 5345 Diodorus
1655 5298 1694 5356 11,
