3890 6044
11 320 13 367 l

11 398 13 471 l
617 491 669 552 DE
690 490 927 558 resumsit)
948 491 1195 555 Atttstuttettl.
1628 492 1724 578 ixrijt

11 548 14 673 l
89 617 305 681 λεἰιιοθειοιιτο
330 642 395 684 sua
415 624 537 704 petiisse
550 644 587 683 ex
602 624 669 704 ipso
683 625 821 686 AEsebine
836 625 888 704 qui
904 626 931 684 lv
952 626 1139 708 παρόδῳ-θαι
1152 626 1248 687 tribus
1261 628 1363 689 verbis
1377 626 1637 704 commemorarit,'
1656 630 1716 691 sed*

91 716 278 779 muimttius
292 733 346 781 est
367 735 518 781 oratorem
533 720 674 781 historica
688 722 740 785 illa
759 743 796 787 err
811 723 913 783 eodem
931 721 1011 782 iente
1028 725 1145 783 novisse
1163 744 1201 782 ex
1215 743 1275 802 quo
1290 725 1321 784 in
1337 726 1554 787 Aristodemum
1576 727 1719 789 terme·

11 840 13 867 ι
96 828 160 876 runt.
180 815 250 890 Quo
276 838 448 891 concesso,
477 818 544 877 hinc
562 838 682 898 quoque
706 835 879 898 sequeretur
900 822 1009 881 iontem
1028 820 1109 881 hunc
1126 829 1190 880 hon
1212 822 1304 881 tuisse
1326 822 1438 901 Ephori
1459 824 1617 899 historias,
1639 844 1715 904 quse.

11 968 22 1031 γ
100 930 177 992 uiue
192 912 229 971 ad
252 933 305 975 an.
329 917 391 986 311
419 914 603 996 pertinebant
624 917 748 977 necdum
770 918 916 986 adilricus
933 919 1082 998 pmductae
1096 933 1180 978 erant
1199 940 1259 997 quo
1273 940 1350 979 anno
1372 919 1537 981 Alexander
1552 924 1585 982 in
1604 922 1723 984 Asiam²

12 1041 20 1069 r
104 1010 259 1090 uaioeitt').
1578 1035 1579 1039 ¹

141 1110 310 1173 Aristodemi
328 1131 409 1190 opus
425 1113 503 1171 inter
516 1112 691 1192 compendia
714 1114 804 1174 luisse
817 1134 853 1173 ex
876 1115 986 1192 quibus
1006 1113 1181 1174 recentioris
1201 1112 1256 1172 aevi
1271 1111 1434 1173 scholiasta
1454 1126 1483 1172 et
1504 1114 1724 1197 lexicographi·

15 1180 24 1259 l
110 1207 215 1267 notitiis
225 1207 405 1283 historicas,
422 1229 482 1269 non
504 1209 656 1270 nominato
669 1225 805 1283 auctore,
828 1206 1041 1286 delibarerint,
1060 1231 1096 1270 ex
1110 1209 1201 1271 Suida
1222 1224 1251 1269 et
1273 1209 1427 1270 scholiasta
1441 1213 1478 1271 ad
1492 1214 1707 1292 Hermogenem

16 1318 27 1417 ρ
111 1305 251 1383 colligitur.
265 1305 404 1377 Quorum
423 1307 473 1366 hic
486 1308 584 1371 locum
599 1309 670 1369 satis
683 1311 812 1390 amplum
825 1330 862 1369 ex
876 1310 983 1370 Nostro
1004 1312 1049 1386 (c.
1073 1307 1182 1387 1445)
1198 1321 1346 1368 mutuatus
1360 1322 1403 1368 est
1417 1311 1447 1366 in
1463 1309 1554 1370 schol.
1569 1311 1606 1370 ad
1630 1308 1706 1373 lier-

21 1438 26 1455 ·
107 1424 176 1481 mog.
189 1403 312 1483 Εύρίσεις
321 1424 373 1484 ap.
384 1405 465 1464 Walz
481 1406 511 1465 in
526 1406 602 1468 rhet.
618 1426 663 1483 gr.
679 1420 751 1468 tom.
768 1406 798 1480 i,
814 1427 844 1486 p.
861 1408 933 1481 388,
948 1407 1000 1467 ubi
1014 1406 1077 1465 baec
1090 1405 1165 1482 (**):

140 1503 181 1563 tii
195 1499 476 1584 τριακοντούτεις
497 1503 643 1562 σπονδαί
664 1493 749 1561 aire
759 1526 777 1566 t.
795 1502 876 1564 Μετίι
889 1504 922 1562 τά
936 1502 1048 1576 Μηδικά
1061 1501 1114 1576 ἤδη
1129 1500 1231 1582 Ξέρξου
1246 1501 1456 1582 άπορθαρίντος,
1472 1504 1518 1563 καὶ
1532 1503 1720 1587 Ἀρταξέρξου·

106 1598 250 1675 caepim
258 1603 307 1659 τοῦ
321 1603 381 1659 otei
394 1590 469 1666 αύθις
481 1600 533 1667 τοῖς
547 1598 617 1659 κατδι
629 1598 677 1672 την
692 1599 782 1661 Ἀσίαν
794 1599 964 1674 Ἑλληνικοῖς
976 1599 1121 1682 πράγμασι
1132 1598 1178 1658 καί
1191 1598 1322 1679 διαρύρως
1336 1600 1558 1681 άποκρουοθίντος
1570 1607 1619 1677 τῆς
1630 1580 1708 1665 ilri-

108 1698 159 1770 δας,
177 1686 231 1756 εἶτα
252 1696 378 1756 σπονδῶν
402 1696 521 1768 Ἕλλησι
534 1695 682 1774 γενομίνων
703 1699 750 1757 καὶ
769 1697 927 1780 βαρύάροις,
949 1687 990 1766 αἷς
1011 1698 1072 1779 ὅρια
1092 1696 1260 1776 ἐπεπήγεσαν
1285 1697 1403 1761 isitius
1417 1701 1512 1782 πίτραι
1526 1700 1572 1761 καί
1587 1703 1708 1780 ποταμδς

108 1794 202 1862 Πίσαος
212 1792 259 1854 καί
272 1793 416 1867 Φάσηλις,
428 1794 504 1862 πόλις
523 1794 700 1878 Παμφυλίας,
714 1796 762 1856 καί
777 1794 935 1857 Χελιδονίαι
949 1794 1112 1877 ἀκρωτήριον
1127 1797 1186 1875 (cs.
1204 1799 1295 1859 Arist.
1317 1820 1343 1858 c.
1360 1800 1408 1875 13,
1422 1802 1461 1877 a),
1476 1800 1578 1876 ἰγένετο
1587 1797 1707 1877 Ἕλλησι
1752 1800 1754 1805 ’

109 1889 291 1973 διορορδπρδς
304 1890 436 1965 ἀλλήλους
447 1890 474 1961 it
489 1890 575 1961 αἰτίας
592 1892 732 1967 τοιαύτης·
1003 1888 1007 1897 ’

145 2017 158 2041 ι
176 1987 383 2067 Λακεδαιμόνιοι
398 1988 556 2069 δριλόμινοι
569 1990 691 2051 Φωκίων
710 1993 742 2051 sb
759 1990 787 2048 ίν
799 1991 910 2068 Διλροίς
919 1988 989 2069 ίερδν
1005 1991 1155 2071 παρέδοσαν
1168 1993 1293 2070 Λοκροῖς·
1308 1983 1366 2052 εἶτα
1380 1993 1460 2053 πάλιν
1476 1994 1595 2075 Λοκροὺς
1607 1997 1718 2078 imici-3

110 2109 177 2163 pstor
199 2084 267 2167 (καί
280 2085 440 2164 ἀφελόμενοι
454 2086 548 2156 αὐτούς
562 2081 630 2148 coss.
653 2087 784 2149 Aristod.
799 2107 826 2147 c.
853 2086 911 2166 ti)
932 2088 1067 2168 παρέσχον
1081 2090 1234 2150 Φωκεῦσιν.
1258 2090 1474 2170 θποοτριρόντων
1496 2090 1549 2171 [di]
1563 2093 1708 2164 Ἀθηναίων

112 2182 161 2242 ici
171 2187 219 2244 stin
229 2183 296 2266 πρδς
308 2181 483 2264 Ἀρταξέρξην
503 2185 623 2244 σπονδῶν
633 2184 643 2267 l
652 2186 705 2243 dai
716 2188 764 2256 τῆς
778 2184 869 2264 μάχης
882 2186 998 2261 θεῖοι),
1013 2192 1220 2266 στρατηγοῦντος
1234 2189 1322 2254 αὐτοῖς
1335 2186 1491 2266 Τολμίδου,
1506 2189 1552 2248 καὶ
1563 2189 1709 2268 γενομίνων

111 2278 174 2341 mi
189 2280 358 2360 Κορώνειαν,
373 2278 523 2358 ἐπιθίμινοι
538 2282 625 2349 αὐτοῖς
643 2280 718 2365 cipeto
737 2281 849 2342 Βοιωτοί
867 2271 941 2341 υύοιν
956 2285 1153 2365 ἀπαρασκεύοις
1172 2278 1316 2366 δτρέψοντο
1330 2284 1426 2355 αύτούς
1437 2285 1485 2346 καί
1497 2312 1569 2356 τινας
1583 2286 1610 2358 i}
1624 2290 1710 2348 αὐτῶν

110 2374 153 2434 καί
166 2376 247 2454 (roc.
263 2374 311 2436 καί
328 2396 388 2437 ont.
406 2378 474 2455 Ar.)
488 2376 654 2459 ἐζώγρησαν
673 2378 810 2454 οὕστινας,
824 2379 1005 2442 ἀπαιτούντων
1020 2381 1179 2460 Ἀθηναίων,
1192 2386 1222 2442 ού
1237 2383 1362 2465 πρότερον
1381 2383 1513 2445 ἀπέδοσαν
1526 2384 1545 2456 ἢ
1559 2386 1607 2460 τὴν
1622 2388 1710 2447 Βοιω-

111 2471 165 2535 τίαν
185 2473 341 2536 bometti.
358 2473 414 2534 Καὶ
430 2473 499 2553 perd
516 2480 602 2547 ταῦτα
617 2476 691 2545 εὐθὺς
710 2476 845 2552 Ἀθηναῖοι
865 2476 1088 2559 περιπλεύσαντες
1103 2479 1152 2552 τὴν
1171 2479 1373 2553 Πελοπόννησον
1392 2481 1485 2542 Γύθιον
1500 2482 1508 2562 l
1523 2479 1623 2562 Θύγιον
1639 2482 1705 2542 cod.

110 2572 175 2651 Ar.)
189 2563 273 2645 εἷλον,
287 2573 335 2631 καί
345 2571 483 2648 Τολμίδης
495 2571 597 2652 χιλίους
610 2572 679 2654 ίχων
694 2572 838 2648 Ἀθηναίων
853 2575 1004 2644 ἐπιλέκτους
1018 2579 1109 2650 διῆλθε
1121 2576 1171 2650 τήν
1189 2577 1403 2649 Πελοπόννησον.
1422 2577 1477 2639 llul
1497 2578 1577 2637 πάλιν
1591 2576 1709 2640 Edictum

108 2669 252 2730 ἇτυστδσαν
268 2660 338 2730 εἷλον
353 2669 496 2745 Ἀθηναῖοι.
516 2671 570 2732 Καί
586 2671 631 2731 iri
646 2669 746 2740 τούτοις
759 2675 768 2750 )
779 2672 827 2733 Ἐν
841 2671 869 2732 δ)
883 2671 970 2755 τούτῳ
985 2674 1053 2736 eod.
1066 2677 1127 2755 Ar.)
1140 2673 1285 2748 Ἀθηναίοις
1298 2673 1345 2735 καί
1359 2675 1583 2747 Πελοποννησίοις
1597 2676 1709 2736 σπονδαί

110 2766 309 2844 τριακοντούτας
321 2765 459 2846 ἐγίνοντο,
471 2766 502 2835 θς
518 2769 800 2851 τεσσαρεσκαιδεκάτην
813 2768 868 2830 ίτιι
880 2768 979 2830 ίλυοαν
994 2769 1144 2846 Ἀθηναῖοι,
1158 2773 1251 2853 Σάμον
1261 2773 1401 2854 πολιορκίη
1413 2772 1514 2840 ίλύντες
1521 2816 1530 2846 ,
1547 2775 1710 2855 Περικλέους

113 2864 158 2921 καί
169 2864 325 2946 Σοροκλίους
338 2865 572 2946 στρατηγούντων,
588 2865 636 2927 καί
649 2871 664 2926 θ
679 2867 928 2940 Πιλοποννησιακδς
941 2867 1057 2947 πολεμος
1070 2870 1181 2950 ἤρξατο.
1197 2898 1210 2925 ν

150 2963 251 3026 Ultima
266 2967 298 3026 iu
316 2979 418 3025 nostro
434 2966 614 3026 Aristodemi
629 2967 730 3027 codice
751 2967 837 3026 aliter
858 2967 1012 3026 efformata
1026 2968 1068 3026 ita
1086 2963 1195 3028 habent
1286 2970 1420 3050 ἐγένοντο·
1437 2971 1475 3049 τῷ
1490 2970 1711 3048 τεσσαρεσκαιδε-

108 3060 180 3144 ztt'sp
191 3064 218 3124 di
231 3064 285 3124 ίτει
300 3063 433 3137 Ἀθηναῖοι
452 3064 547 3141 Σάμον
560 3062 787 3145 πολιορκήσαντες
807 3055 877 3124 εἷλον
892 3050 1099 3144 στρατηγοῦντος
1113 3066 1124 3149 l
1136 3064 1307 3146 ...odvsmri'l
1330 3063 1494 3145 Περικλίους
1506 3063 1552 3122 καί
1574 3065 1710 3149 Θεμιστο-

106 3160 193 3231 :Moe
205 3165 281 3243 (leg.
301 3162 453 3245 Σοροκλυ)
468 3163 495 3222 it
506 3161 534 3223 di
552 3165 590 3243 τῷ
605 3163 677 3243 αὐτῷ
691 3160 744 3223 iret
756 3161 849 3241 (οὕτω)
860 3161 969 3222 λύονται
980 3164 1009 3221 cl
1026 3164 1078 3220 τῶν
1094 3160 1118 3220 λ’
1131 3165 1195 3222 ἐτῶν
1210 3164 1341 3239 σπονδαὶ,
1356 3162 1402 3223 καί
1415 3165 1429 3220 θ
1443 3162 1512 3223 Πελ.
1525 3160 1640 3239 πόλεμος
1654 3160 1709 3220 ίνί-

105 3281 207 3322 σταται.
222 3262 360 3321 Ceterum
375 3259 461 3319 rides
475 3260 622 3333 codicem,
637 3280 697 3338 quo
711 3259 867 3319 scholiasta
881 3279 952 3319 usus
972 3272 1035 3332 est,
1057 3260 1210 3320 nonnullis
1234 3260 1308 3319 locis
1327 3273 1429 3319 nostro
1453 3259 1613 3320 Parisiensi
1634 3250 1709 3319 irlte·

103 3359 227 3434 priorem
250 3359 359 3431 inisse,
374 3357 427 3416 sed
444 3356 506 3435 jam
521 3357 672 3416 laborasse
685 3356 787 3417 eadem
802 3359 910 3417 lacuna
927 3377 1014 3436 quam
1037 3371 1139 3417 noster
1152 3355 1240 3416 habet
1258 3370 1326 3416 ante
1340 3355 1432 3416 verba
1452 3355 1667 3439 θποοτρερύντων
1681 3354 1709 3417 δὲ

103 3458 151 3513 τῶν
165 3455 323 3528 Ἀθηναίων.
338 3454 427 3526 Quod
442 3475 503 3513 non
523 3455 707 3534 perspiciens
721 3455 878 3515 scholiasta
892 3468 1058 3534 putansque
1071 3453 1164 3513 verba
1183 3455 1240 3514 ista
1253 3453 1406 3514 reserenda
1417 3473 1480 3513 esse
1494 3453 1530 3512 ad
1548 3473 1583 3513 ea
1596 3468 1662 3531 quae
1678 3454 1710 3512 in

103 3554 206 3614 mutilo
219 3554 323 3613 codice
337 3572 416 3612 nunc
428 3553 566 3632 proxime
581 3551 756 3612 antecedunt
768 3554 805 3611 de
817 3552 911 3632 pactis
923 3553 989 3610 cum
1009 3553 1170 3610 Artaxerxe
1186 3552 1288 3626 initis,
1303 3550 1397 3612 verba
1410 3551 1464 3611 άπδ
1475 3555 1523 3624 τῆς
1539 3551 1629 3630 μάχης
1643 3571 1711 3609 mu-

103 3654 175 3712 tarit
187 3655 218 3713 in
232 3651 286 3711 dri
298 3654 350 3710 riis
365 3651 550 3730 σπονδῶν,οι
562 3649 638 3710 bene
650 3649 918 3731 monuitBiicheler
936 3650 967 3708 in
982 3651 1062 3706 Neue
1075 3648 1178 3706 ΙαΙινθ.
1193 3648 1214 3707 Ι.
1230 3648 1253 3708 l.
1269 3648 1348 3710 idem
1364 3649 1413 3709 vir
1427 3648 1530 3717 doctus
1545 3639 1721 3727 probabili·

103 3764 147 3809 ter
160 3751 319 3809 admodum
335 3764 437 3809 censet
446 3769 483 3809 ex
502 3749 604 3810 eodem
622 3749 811 3809 Aristodemo
825 3747 1010 3807 scholiastam
1024 3758 1187 3804 mutuatum
1201 3764 1265 3804 esse
1286 3766 1353 3824 ηοω
1366 3747 1543 3805 antecedunt
1554 3744 1591 3823 ρ.
1606 3744 1662 3818 387
1676 3738 1712 3803 de

103 3848 227 3925 piaculo·
234 3849 365 3926 Cydoneo
382 3869 391 3906 t
1365 3840 1369 3847 ’

136 3945 187 4007 'ii
202 3944 395 4007 Κυλώνειον
411 3943 501 4024 ἄγος.
520 3942 617 4010 Κύλων
630 3935 667 4013 είς
678 3936 710 4017 ἦν
724 3948 777 4004 τῶν
793 3936 903 4012 ίνδοῖων
919 3940 1081 4012 Ἀθηναίων,
1098 3938 1164 4020 ἀνὴρ
1178 3938 1396 4018 Ὀλυμπιονίκης.
1409 3937 1598 4016 Ἐπιθυμήσας
1611 3958 1709 4018 τυραν·

105 4050 182 4119 ripas
195 4050 247 4105 τῶν
262 4043 407 4117 Ἀθηναίων
421 4042 582 4122 παρεγίνετο
595 4044 639 4104 iri
653 4050 713 4104 θεοῦ
727 4040 891 4125 χρηστήριον
907 4039 953 4099 καί
971 4035 1114 4119 ineptire·
1128 4042 1176 4097 τοῶ
1191 4039 1219 4097 δὲ
1233 4042 1296 4097 θεοῦ
1309 4034 1503 4118 ίπιχρήσαντος
1518 4035 1544 4093 ἰν
1559 4039 1593 4119 τῇ
1608 4036 1713 4115 μεγάλη

106 4147 180 4225 laps}
196 4145 237 4225 (ἐν
250 4165 285 4224 τη
302 4147 350 4201 τοῦ
371 4140 435 4209 Διδς
449 4144 485 4218 τῇ
500 4139 612 4222 μεγίστη
635 4144 713 4224 ίορτῇ
727 4141 823 4201 Thuc.
845 4161 874 4214 ι,
891 4141 960 4212 τού,
975 4134 1154 4216 hilaritates
1173 4139 1207 4213 τῇ
1223 4133 1373 4217 τυραννίδι,
1390 4133 1527 4215 άγομάνων
1541 4135 1594 4192 τῶν
1610 4125 1716 4212 Ὀλυμε

108 4240 188 4319 τίων,
204 4240 280 4312 δόξας
292 4239 394 4310 ταύτην
409 4229 477 4298 εἶναι
498 4238 547 4311 τὴν
562 4239 682 4319 μεγάλην
696 4237 806 4319 ἑορτὴν,
821 4237 928 4297 ἐπίθετο
945 4234 991 4295 καί
1011 4231 1143 4294 κατίλαθε
1164 4232 1214 4306 τὴν
1230 4232 1372 4313 ἀκρόπολιν
1388 4237 1440 4293 τῶν
1459 4231 1615 4305 Ἀθηναίων.
1633 4235 1716 4310 Πιρι-

109 4341 168 4411 nik
179 4337 231 4421 [di]
250 4336 420 4417 (Μεγακλῆς
434 4355 493 4395 sec.
509 4336 585 4395 Piur.
598 4336 657 4396 Sol.
676 4334 730 4414 ta)
749 4333 817 4416 ίχων
831 4332 877 4394 cir
895 4329 1057 4411 ίαυτῷγτοθς
1075 4331 1293 4412 συμπράττοντας
1307 4329 1486 4403 ίπανίοτη·θ
1503 4326 1531 4389 di
1548 4330 1644 4400 Κύλων
1659 4328 1716 4388 δεί-

138 4508 170 4571 (·ι
183 4510 236 4559 11οο
249 4507 358 4572 liquete
373 4505 495 4555 metuent.
508 4501 641 4565 suomi,
658 4519 683 4570 p.
697 4509 752 4555 103.
763 4508 795 4554 v.
808 4505 848 4553 Fr.
868 4503 934 4556 iiist.
949 4505 970 4562 1,
984 4516 1008 4566 p.
1025 4502 1088 4552 Lix.
1104 4500 1197 4565 Ephori
1209 4500 1301 4551 librum
1314 4498 1475 4560 vicesimum,
1488 4512 1539 4565 quo
1551 4497 1716 4549 narrabantur

112 4590 163 4642 mm
174 4579 236 4632 libro
246 4580 291 4630 xv
303 4576 430 4629 Diodorus
441 4576 532 4639 babet,
545 4590 609 4628 auno
627 4580 673 4629 333
687 4575 808 4640 scripturn
822 4589 891 4636 esse,
907 4588 940 4625 er
953 4573 1061 4625 Diodoro
1072 4572 1124 4638 (ts,
1135 4579 1175 4634 30,
1187 4572 1223 4637 i)
1238 4572 1335 4638 colligo:
1348 4573 1449 4624 Scilicet
1464 4571 1620 4622 Cleomenem
1630 4568 1664 4620 ll.
1676 4580 1716 4619 re·

113 4662 163 4714 m
173 4646 430 4707 mutorum,
440 4660 556 4714 reptasse
571 4650 668 4700 coustat
679 4662 718 4699 an.
734 4649 841 4698 370-309
851 4659 874 4696 a.
891 4646 930 4707 3.,
943 4648 971 4695 ut
985 4648 1050 4695 recta
1063 4644 1138 4696 etiam
1149 4644 1274 4695 Diodorus
1283 4643 1372 4695 statuit
1382 4650 1427 4705 ιο,
1441 4648 1487 4704 ii,
1502 4639 1546 4695 ubl
1561 4660 1568 4690 ι
1582 4639 1620 4689 ιτ·
1630 4639 1716 4704 ippor-

113 4735 148 4776 τοι
160 4721 291 4786 depraeca
305 4721 383 4783 (303)
396 4721 528 4782 Κλεομένης
540 4719 687 4778 ιτιινύτησεν
700 4718 769 4782 ἄρξας
780 4719 820 4776 tm
834 4719 852 4774 ε’
863 4717 904 4766 καὶ
919 4721 993 4778 μῆνας
1004 4714 1069 4765 δέκα.
1090 4716 1181 4767 contre
1195 4728 1254 4765 vero
1264 4713 1310 4764 lib.
1324 4719 1361 4773 1⁵,
1372 4719 1416 4773 30,
1432 4714 1457 4773 i,
1470 4711 1509 4761 Ol.
1523 4713 1577 4769 toa,
1590 4712 1615 4771 3,
1631 4711 1677 4759 370
1691 4723 1716 4760 a.

116 4790 141 4841 c.
150 4790 268 4844 Biodorus
278 4792 365 4842 narnt
381 4788 448 4840 miro
461 4802 521 4841 casu
534 4789 654 4842 accidisse
665 4792 695 4840 ut
708 4787 794 4840 codem
810 4787 859 4839 hoc
868 4799 934 4838 anuo
947 4788 1000 4836 tres
1020 4784 1143 4851 principes
1155 4783 1222 4835 diem
1234 4783 1369 4845 obiissent,
1380 4784 1499 4833 Amrntas
1514 4777 1616 4829 Macedo
1624 4815 1632 4838 ‚
1640 4779 1717 4830 iason
1831 4815 1842 4835 .

115 4860 220 4914 Picens
231 4864 354 4929 ιγηιιυιιε
366 4863 392 4911 ct
404 4859 540 4926 Agesipolis
555 4873 599 4913 tex
610 4858 869 4919 mmmmouorum,
882 4857 954 4921 cuius
971 4857 1048 4911 irater
1059 4860 1085 4908 et
1096 4869 1224 4914 successor
1241 4857 1385 4907 Cleomenes
1401 4855 1424 4905 il
1435 4851 1586 4903 ιιοοθιυοιν
1599 4852 1640 4911 tri
1651 4850 1717 4917 τμά-

115 4948 180 4984 ναντα
190 4936 228 4985 ut
237 4940 337 4996 ειτταοα
347 4932 357 4997 t
367 4935 471 4983 370337
480 4932 498 4995 ).
512 4932 577 4983 tiira
592 4924 758 4996 discrepantia
771 4944 799 4981 ex
810 4942 840 4980 co
855 4927 1001 4994 explicanda
1012 4941 1068 4983 esse
1078 4927 1142 4978 mihi
1158 4927 1259 4987 videtur
1269 4925 1338 4991 quod
1349 4924 1403 4975 hec
1415 4938 1447 4975 er
1459 4922 1556 4987 Ephoro
1569 4922 1660 4986 (cujus
1672 4934 1717 4974 es·

116 5017 192 5067 wem
203 5007 295 5058 mentio
308 5006 335 5058 in
351 5004 402 5055 hoc
413 5003 510 5068 cupite,
521 5002 579 5067 5¹⁵,
590 5002 701 5069 inlicitur
709 5000 878 5067 >negligenter
888 5003 1006 5065 excerpta
1018 5002 1085 5051 suut.
1096 4999 1218 5051 itirniruur
1228 4999 1355 5064 Ephorus,
1366 4995 1411 5061 qui
1424 4994 1540 5075 bistones
1551 5006 1610 5045 suas
1621 4994 1718 5046 nonnisi
1842 4996 1849 5011 '

116 5073 145 5129 m
157 5089 195 5129 ιο.
213 5081 255 5129 sis
272 5074 393 5134 dedum.
410 5072 443 5125 de
454 5076 507 5125 toto
522 5074 661 5127 Cleomenis
674 5085 750 5138 reguo
763 5085 863 5124 monere
875 5085 923 5123 nou
937 5070 1032 5135 potuit,
1051 5069 1096 5123 sed
1106 5083 1162 5123 eam
1174 5070 1228 5135 clus
1241 5070 1337 5135 partem
1348 5065 1623 5127 commemoratione
1636 5078 1728 5129 usque.

116 5145 143 5195 ul
154 5161 240 5198 amum
250 5160 302 5212 quo
317 5147 369 5197 ista
383 5144 497 5209 scripsit,
511 5144 656 5209 pertinebat.
670 5145 748 5209 igitur
761 5143 825 5195 libro
836 5146 884 5194 7171
895 5142 1007 5194 resanat
1024 5147 1070 5194 370
1082 5142 1179 5207 scripsit
1191 5154 1254 5191 enno
1265 5144 1311 5192 3311
1328 5136 1464 5204 (37031).
1477 5139 1526 5188 ties
1539 5135 1606 5188 inter
1622 5136 1717 5189 Medici

116 5216 232 5268 emtum
244 5217 329 5282 Pelop.
340 5216 484 5279 mteriectas
498 5216 607 5267 namatii
622 5214 688 5265 libro
700 5218 766 5266 iiiii.
825 5220 828 5228 “

142 5287 188 5351 (”)
198 5287 312 5339 &bolico
320 5286 384 5337 mibi
394 5287 576 5337 εοιιοιοιὶοοεω
587 5286 613 5336 in
623 5285 653 5335 ir.
665 5286 740 5336 Arist.
755 5286 869 5337 scribenti
883 5299 932 5335 non
941 5284 1064 5345 innotuit;
1075 5286 1204 5348 acceptum
1218 5282 1299 5333 resero
1307 5277 1461 5341 'Buchelerm
1472 5278 1515 5344 qui
1528 5276 1560 5328 de
1570 5277 1610 5330 liis
1621 5278 1684 5329 dixit
1693 5277 1719 5327 iu

116 5357 321 5423 incinitis.
331 5355 432 5410 Philol.
451 5360 524 5419 1033,
534 5370 568 5426 p.
578 5359 637 5421 170,
652 5371 703 5422 quo
712 5360 821 5422 tempore
837 5361 921 5408 nostre
934 5354 1029 5406 dudum
1042 5354 1107 5420 typis
1119 5358 1233 5418 expressa
1248 5354 1326 5403 erant.
