3842 6036
359 458 605 520 MECHEMETIS
625 460 756 521 ANNUS
777 460 854 520 xlv.
878 463 957 523 69ῦά
980 460 1161 535 (listi-ilbi
1185 460 1219 521 Ρ.
1242 458 1300 539 (1.1.

60 597 153 665 curini,
169 591 243 660 αιἰτδς
263 593 291 653 δὲ
318 592 360 662 ξδν
379 597 412 673 τῇ
428 595 508 672 λοιπῇ
527 602 637 673 στρατιᾷ
658 592 685 662 ’ἔς
707 616 738 652 τε
763 594 810 663 τήν

60 681 129 751 ἀλλην
140 678 225 760 χώραν
240 681 365 741 tobaleis
383 680 426 740 ἐπὶ
441 681 474 739 τά
496 681 648 740 ἀποστάντα
662 686 714 741 τῶν
731 705 810 764 φρου·

61 771 124 852 ρίων,
138 769 201 827 ἀλλά
216 768 248 841 δή
263 770 311 829 καί
325 774 351 837 ἐς
362 767 409 840 τήν
422 768 555 830 Παιόνων.

92 860 137 918 λ’ί.
149 858 195 919 Ἐν
208 859 293 941 τούτῳ
307 857 335 918 δί
347 850 411 932 ήκεν
425 857 535 936 ἀγγελία
551 859 685 938 φράζουσα
698 857 743 917 τὸν
761 863 811 938 βα-

60 944 122 1004 σιλία
136 946 254 1005 Παιόνων
269 947 396 1026 στρατιδιν
405 944 445 1005 ότι
459 946 586 1018 πλείστην
600 950 740 1025 ἀγείραντα
752 948 811 1004 ὅσον

9 1052 11 1113 J
61 1040 101 1093 οῦκ
112 1034 158 1106 ήδη
168 1034 265 1093 ἐπιέναι
280 1035 364 1113 αὐτῷ.
377 1025 461 1099 Oios<
476 1032 527 1114 γάρ
548 1035 620 1100 εὐθὺς
631 1039 666 1101 ὥς
680 1033 748 1111 ἔγνω
761 1032 810 1104 τήν

59 1125 81 1189 l<
96 1123 138 1193 rip
156 1124 274 1202 Βόσπρων
291 1123 403 1194 ἕσύολὴν
420 1127 464 1182 τοῦ
488 1123 618 1202 βασιλέως
635 1123 680 1183 καί
698 1124 746 1196 τήν
764 1128 810 1184 τοῦ

60 1211 140 1277 ἀττεος
151 1206 254 1283 ’ίαίτζης
263 1210 434 1290 πολιορκίαν,
450 1214 574 1290 στρατιδιν
591 1212 709 1290 μεγάλην
725 1211 812 1292 ἀθροί-

9 1302 10 1305 '
60 1322 104 1365 σας
119 1300 158 1358 καί
176 1310 252 1359 πᾶσιν
275 1290 313 1367 οἷς
337 1290 406 1379 εἶχεν
426 1301 521 1368 ἱκανῶς
541 1299 813 1383 παρασκευασάμενος

61 1388 122 1465 ίξήει
134 1389 223 1447 barris
234 1392 273 1468 τῷ
289 1390 408 1466 βασιλεῖ,
421 1389 530 1463 νομίσας
543 1388 625 1457 οθτως
638 1387 752 1460 ἦλύσειν
765 1387 812 1461 τήν

9 1484 10 1487 ’
59 1478 193 1553 πολιορκίαν
214 1483 260 1536 τοῦ
280 1478 385 1550 ἀστεος,
406 1476 539 1557 τρίψαντα
558 1479 584 1545 ἐς
604 1477 696 1536 ἑαυτὸν
718 1477 763 1533 τόν
786 1499 814 1533 τε

9 1564 10 1573 ’
60 1564 156 1640 βασιλέα
175 1565 219 1623 καί
236 1566 286 1635 τήν
301 1563 445 1644 στρατιάν,
467 1564 485 1639 ή
500 1565 562 1645 δίχα
582 1564 754 1644 διαιρεθείσης
768 1570 815 1636 τῆς

9 1658 11 1667 “
59 1661 166 1732 στρατιᾶς
178 1653 203 1722 ἔς
216 1675 245 1712 τε
261 1652 376 1728 πολεμον
394 1650 439 1712 καί
453 1652 622 1733 πολιορκίαν,
637 1654 815 1732 ἀσθενεστέρῳ

57 1744 184 1821 χρήσεσθαι
199 1744 422 1823 προσπολεμῆσαι
442 1745 481 1821 τῷ
497 1744 616 1819 βασιλεῖ·
633 1744 691 1800 ἀλλ’
711 1742 814 1821 ἐσφάλη

57 1834 95 1899 τῆς
105 1830 214 1907 γνώμης.
260 1831 298 1909 (ε)
313 1830 442 1896 Βασιλεὺς
458 1829 509 1910 γδιρ
524 1835 602 1889 τοῦτο
618 1828 725 1908 μαθὼν,
737 1827 815 1896 αθτδς

56 1918 96 1991 μίν
112 1922 135 1984 ίς
152 1919 270 1987 Ἰάῐτζαν
292 1918 379 1994 με’νειν
402 1918 509 1999 ἐγνώκει
528 1919 580 1977 δεῖν
601 1922 747 1999 πολιορκῶν
772 1917 817 1976 καί

9 2002 11 2071 J
56 2008 163 2083 μηδαμοῦ
173 2008 274 2078 ταύτης
288 2011 487 2081 ἀπαναστῆναι,
500 2009 699 2089 λίαχουμούτεα
709 2007 747 2081 δί,
759 2005 816 2071 δοὺς

56 2096 115 2171 step
133 2094 259 2174 στρατιάν
281 2093 376 2166 ἱκανήν
396 2094 508 2167 ἱππικήν
524 2118 553 2153 τε
576 2095 623 2153 καί
646 2096 756 2167 πεζικὴν
771 2092 818 2153 καλ

55 2179 118 2260 μέρος
130 2184 174 2241 oin
188 2183 281 2260 ὀλίγον
294 2187 342 2253 τῆς
355 2182 422 2249 ἰδίας
437 2186 535 2259 αὐλῆς,
550 2183 695 2265 ἐξέπεμψεν
710 2183 815 2242 ἐναντία

9 2282 10 2301 ’
53 2273 86 2348 top
96 2273 191 2348 βασιλεῖ
207 2272 348 2332 Παιόνων·
364 2273 393 2330 οὗ
404 2272 454 2351 γάρ
465 2273 542 2340 αὐτός
552 2296 581 2347 γε
593 2272 665 2344 ήξίου
677 2271 721 2330 διά
731 2271 819 2351 μάχης

55 2357 126 2435 τούτῳ
145 2358 222 2418 ίίναι.
273 2358 309 2438 (ι)
338 2360 537 2437 Μαχουμούτης
566 2359 593 2418 δὲ
617 2358 665 2432 τήν
692 2357 817 2438 στρατιάν

56 2444 181 2504 ἀνελαόδιν
196 2447 302 2518 ἤλαυνε
317 2444 388 2504 κατά
407 2445 540 2517 σπουδήν·
555 2444 601 2504 καλ
621 2446 757 2526 γενόμενος
773 2444 820 2520 ἔγ-

54 2539 120 2610 γιστά
132 2558 181 2594 που
193 2538 249 2595 τῶν
261 2533 397 2610 πολεμίων
412 2533 648 2615 στρατοπεδεύεται
662 2538 753 2595 αὐτοῦ.
766 2524 819 2594 Ἦν

55 2622 114 2681 lizi
128 2623 221 2700 μεταξὺ
236 2630 298 2682 τοῖν
314 2625 500 2701 στρατοπίδοιν
520 2621 616 2682 στάδιά
630 2645 683 2681 που
702 2624 820 2698 μάλιστα

59 2711 126 2770 πέντε
147 2712 192 2770 καλ
216 2713 337 2783 εἴκοσιν,
357 2708 426 2768 ὥστε
442 2710 570 2782 ἀλλήλους
585 2714 662 2791 δρᾶν·
684 2712 780 2789 διεῖργε
794 2710 822 2771 δδ

55 2798 132 2867 αὐτούς
142 2799 220 2876 μίσος
234 2801 288 2858 ἀπ’
302 2796 424 2870 ἀλλήλων
438 2796 559 2876 Ἔρυγδιν
579 2799 722 2874 ποταμὸς,
742 2797 769 2864 δς
786 2801 821 2876 τῇ

56 2886 174 2968 ἐπιχωρίῳ
185 2892 266 2968 φωνῇ
278 2891 324 2945 νῦν
339 2887 438 2965 Βρῦνος
452 2886 588 2944 καλεῖται·
598 2887 711 2946 ἐνταῦθα
726 2884 777 2964 γάρ
788 2876 821 2958 ήν

55 2974 292 3055 ίατρατοπεδευκὼς
306 2973 389 3055 πέραν
407 2980 454 3032 τοῦ
469 2979 590 3050 ποταμοῦ
606 2979 620 3033 δ
634 2977 685 3032 τῶν
698 2973 821 3034 Παιόνων

55 3063 170 3137 βασιλεύς.
213 3065 250 3144 (ε)
264 3060 464 3142 Μαχουμούτης
476 3061 524 3139 μὲν
533 3052 578 3121 οῦν
592 3060 718 3123 ἐόούλετο
730 3061 823 3130 διαόάς

54 3148 90 3207 τόν
117 3150 236 3227 ποταμόν
263 3150 395 3227 ξυμμίξαι
415 3158 469 3218 τοῖς
509 3148 626 3223 Παίοσι,
650 3148 773 3228 βασιλεὺς
794 3150 823 3209 δὲ

53 3239 150 3315 πίμπων
168 3238 317 3298 διεκώλυεν
344 3236 441 3307 αὐτὸν,
461 3234 593 3314 μηδεμίαν
617 3235 735 3314 ἀνάγκην
755 3225 823 3296 εἶναι

53 3325 136 3404 λέγων,
153 3329 183 3390 τό
196 3332 293 3405 γενῦν
307 3324 383 3405 ἔχον,
398 3329 445 3395 τῆς
461 3330 508 3384 τοῦ
521 3329 641 3403 ποταμοῦ
656 3324 821 3398 διαόάσεως,

9 3430 11 3489 j
52 3416 101 3473 ἀλλ’
111 3421 196 3496 ἀρκεῖν
209 3416 332 3496 μένοντα
346 3414 436 3473 αιἰτόθι
452 3411 599 3495 ἐφεδρεύειν
613 3410 668 3480 τοῖς
678 3416 730 3473 τῶν
743 3418 822 3474 πολε-

9 3552 10 3573 2
53 3504 108 3576 μίαν
120 3505 274 3586 πράγμασι.
290 3501 489 3582 Μαχουμούτης
502 3501 549 3579 μὲν
563 3491 608 3560 οῦν
619 3500 711 3579 ἔμενεν
722 3502 824 3583 ἡσυχά-

9 3624 11 3639 ·
51 3592 259 3657 enutristis
273 3589 411 3667 πολεμίων
426 3584 596 3650 ἀποσκοπῶν,
639 3590 674 3669 (t)
690 3590 725 3651 Ὁ
737 3591 764 3650 δὲ
772 3596 823 3651 τῶν

9 3746 10 3759 3
53 3679 162 3739 Παιόνων
181 3678 318 3760 ἡγεμὼν,
338 3681 373 3745 be
391 3677 460 3756 ίγνω
480 3678 524 3738 τόν
541 3702 570 3736 τε
587 3678 699 3756 βασιλέα
719 3682 823 3761 πολιορ-

53 3772 134 3827 κοῦντα
147 3767 178 3828 τδ
192 3770 263 3830 ἀστυ
279 3765 329 3826 καλ
345 3767 468 3844 μηδαμοῦ
484 3763 576 3825 τούτου
594 3769 820 3843 ἀπανιστάμενον,

9 3840 11 3927 ζ
54 3855 92 3913 καὶ
107 3858 149 3916 τδν
168 3854 378 3939 Μαχουμούτεα
399 3854 467 3932 μιτά
485 3863 609 3933 στρατιᾶς
631 3852 671 3913 ὅτι
694 3856 820 3928 πλείστης

9 4032 10 4041 γ
51 3941 206 4022 ἐφεδρεύοντα
226 3945 324 4023 αὐτῷ,
344 3941 473 4022 ἀπογνοὺς
490 3941 557 4009 ὅλως
579 3948 624 4001 τοῦ
646 3946 762 4023 φανερῶς
776 3942 821 4002 δύ-

1584 459 1642 521 ist

866 598 961 652 νασθαι
984 598 1114 672 βοηθῆσαι
1133 597 1172 673 τῷ
1186 592 1275 665 ἄστει,
1292 590 1399 671 πέμψας
1422 590 1533 671 ἄγγελον
1556 587 1643 671 κρύφα

868 681 1001 761 διειλέχθη
1016 691 1069 749 τοῖς
1084 684 1110 741 δν
1127 683 1198 763 αύτῷ
1214 681 1333 760 ἀντέχειν
1347 703 1376 739 τε
1392 678 1438 737 καί
1454 681 1580 756 μηδαμοῦ
1598 681 1645 738 ἐν·

870 773 979 846 διδόναι,
989 775 1024 839 ὡς
1035 771 1143 851 ταχείας
1157 795 1185 829 τε
1195 768 1274 841 οὔσης
1285 773 1331 839 τῆς
1341 774 1388 827 τοῦ
1402 767 1531 847 βασιλέως
1542 770 1645 848 ἀναχω·

854 860 970 940 δρήσεως
982 859 1072 934 πάλιν,
1087 859 1134 919 καί
1146 858 1222 925 αὐτὸς
1237 859 1265 916 δδ
1276 861 1305 917 οῦ
1318 859 1458 937 περιιδεῖν,
1473 854 1541 914 ἀλλά
1552 861 1645 934 καιροῦ
1740 901 1748 909 .

867 952 1008 1016 καλοῦντος
1022 946 1067 1006 καλ
1082 948 1172 1028 χρείας
1185 945 1331 1023 ἀναγκαίας
1341 944 1566 1021 κατεπειγούσης,
1582 948 1645 1023 βοη-

868 1039 955 1110 θήσειν
970 1037 1004 1095 sd
1020 1036 1137 1108 δυνατδι,
1155 1033 1233 1112 ἐγγὺς
1253 1036 1334 1092 αὐτοῦ
1350 1056 1402 1095 που
1417 1031 1567 1112 τυγχάνων.
1586 1036 1645 1093 ild·

868 1124 961 1190 κείνοις
969 1123 1016 1202 μὲν
1027 1128 1122 1183 ταῦτα.
1139 1120 1221 1188 nisi<
1236 1119 1264 1179 ti
1277 1121 1308 1179 τὸ
1318 1121 1495 1201 στρατόπεδον
1506 1121 1646 1199 ἐμπρήσας

866 1212 958 1279 νυκτδς
971 1211 1075 1289 ἀπάρας
1091 1210 1176 1291 ᾤχετο
1192 1207 1234 1278 ξύν
1260 1232 1293 1287 τη
1308 1216 1432 1289 στρατιᾷ.
1478 1212 1512 1285 (ε)
1532 1211 1648 1289 Μαχου·

868 1298 966 1376 μούσης
977 1301 999 1358 δ’
1014 1301 1049 1364 ὡς
1061 1297 1172 1377 ᾔσθετο,
1186 1295 1256 1355 κατὰ
1267 1296 1349 1375 τάχος
1361 1296 1455 1362 διαόδις
1470 1297 1514 1355 τὸν
1528 1293 1646 1369 ποταμδν

868 1390 967 1462 ήλαυνε
990 1389 1060 1446 κατδι
1085 1387 1200 1458 σπουδήν
1216 1386 1333 1461 διώκων,
1349 1384 1395 1444 καλ
1420 1383 1582 1444 καταλαθὼν
1600 1386 1649 1442 σθ’

872 1477 948 1548 τοὺς,
966 1475 1113 1553 ξυμόάλλει
1129 1483 1183 1541 τοῖς
1197 1475 1323 1549 ὄπισθεν,
1344 1472 1421 1553 μόρος
1432 1462 1490 1531 otior
1505 1478 1553 1543 τῆς
1567 1495 1648 1551 στρα-

870 1573 928 1631 τιᾶς
953 1566 1000 1623 οῦκ
1026 1562 1113 1640 ὀλίγον
1139 1566 1164 1630 ίς
1182 1562 1300 1643 φυλακήν
1321 1565 1373 1620 τῶν
1397 1562 1578 1641 σκευοφόρων,
1602 1560 1649 1619 καὶ

868 1650 1030 1733 τρεψάμενος
1046 1651 1137 1710 ἐδίωκε
1162 1651 1241 1731 μέχρι
1262 1655 1308 1722 τῆς
1326 1649 1409 1721 ἄλλης
1423 1658 1564 1730 στρατιᾶς*
1580 1651 1604 1707 ei
1625 1651 1649 1707 δ’

871 1739 1059 1806 ίπεσπεσόντες
1086 1740 1175 1820 ἄφνω,
1198 1737 1352 1820 διετάραξάν
1374 1760 1402 1796 τε
1427 1738 1509 1808 αὐτὴν
1532 1735 1578 1795 καί
1602 1734 1648 1794 τόν

873 1828 1001 1910 βασιλέα,
1028 1826 1073 1885 καί
1094 1825 1164 1908 φυγή
1178 1825 1277 1903 γίνεται
1297 1826 1429 1904 καρτερά,
1455 1824 1561 1882 πάντων
1582 1826 1650 1897 ὁμοῦ

872 1915 1019 1999 φευγόντων
1035 1916 1155 1981 ἀτάκτως
1169 1937 1198 1973 τε
1212 1913 1257 1973 καλ
1272 1913 1315 1983 ξῦν
1330 1914 1415 1971 οὐδενί
1429 1912 1522 1992 κόσμῳ
1535 1910 1582 1969 καὶ
1598 1914 1647 1969 λο-

873 2007 971 2084 γισμῷ.
1015 2003 1051 2081 (7)
1067 2001 1265 2083 Μαχουμούτης
1275 2001 1307 2060 δί
1322 1999 1413 2059 εἵπετο
1424 2000 1532 2059 κτείνων
1549 2022 1578 2057 τε
1600 1998 1647 2057 καί

874 2093 988 2173 φονεύων
1004 2102 1071 2173 σφᾶς
1090 2089 1206 2169 ἀνοικτλ,
1228 2090 1320 2159 διώξας
1342 2089 1371 2148 δὲ
1388 2089 1466 2168 μέχρι
1480 2088 1579 2147 πολλοῦ
1606 2086 1652 2146 καὶ

874 2183 949 2263 φόνον
961 2180 1043 2240 πολὺν
1058 2178 1235 2259 ἐργασάμενος
1246 2177 1292 2236 καί
1304 2178 1415 2245 πολλοὺς
1427 2177 1564 2260 ζωγρήσας
1589 2178 1650 2235 ἀνε-

874 2268 981 2348 χώρησε
993 2268 1039 2327 καί
1053 2259 1115 2339 ἧκεν
1126 2268 1151 2335 δς
1166 2264 1288 2344 βασιλέα,
1302 2265 1393 2325 λαθὼν
1406 2276 1495 2325 πᾶσαν
1507 2269 1592 2324 αὐτῶν
1602 2265 1652 2339 τήν

874 2356 1023 2427 ἀποσκευήν
1038 2357 1086 2414 καὶ
1099 2350 1146 2421 τάς
1161 2353 1266 2431 ἀμάξας
1278 2354 1323 2413 καὶ
1345 2354 1415 2414 ὅπλα
1429 2354 1475 2414 καλ
1495 2350 1592 2419 ίππους
1605 2353 1651 2412 καί

872 2443 932 2510 τοῦς
946 2442 1117 2522 σκευοφόρους
1129 2441 1231 2508 αὐτούς.
1247 2440 1387 2501 'istesso
1401 2440 1429 2500 δὲ
1445 2444 1496 2499 τῶν
1511 2439 1647 2517 πολεμίων

874 2533 1009 2605 πλεῖστοι,
1030 2530 1180 2609 ἐλήφθησαν
1204 2529 1232 2587 δὲ
1251 2529 1296 2589 καί
1319 2533 1412 2599 ζῶντες
1426 2520 1507 2607 ὀλίγῳ
1524 2529 1651 2595 ἐλάσσους

876 2619 1025 2691 διακοσίων,
1049 2616 1093 2685 οθς
1115 2616 1223 2695 θστερον
1242 2614 1349 2695 ἀγαγὼν
1370 2620 1398 2676 ἐν
1420 2614 1557 2694 Βυζαντίῳ
1579 2616 1648 2675 πάν-

875 2730 922 2773 τας
937 2707 1086 2765 ἀπέκεεινεν
1101 2708 1115 2763 ὁ
1132 2705 1263 2783 βασιλεύς.
1307 2706 1339 2781 (s)
1362 2705 1446 2773 Αύτδς
1463 2705 1490 2763 δὲ
1505 2704 1605 2781 ἡμίρας
1620 2705 1649 2763 οὐ

878 2793 978 2861 πολλάς
1011 2793 1146 2869 ἐπιμείνας
1174 2797 1208 2873 τῇ
1239 2792 1380 2873 πολιορκίη
1403 2793 1448 2852 καὶ
1481 2792 1654 2873 πολυτρόπως

876 2881 1003 2962 πειράσας
1021 2887 1067 2940 τοῦ
1083 2881 1189 2953 ἀστεος,
1203 2882 1239 2946 ὡς
1252 2880 1326 2939 οὐδὲν
1346 2881 1438 2955 ἤνυεν,
1456 2878 1586 2960 ἀπογνούς
1601 2880 1650 2954 τήν

877 2970 976 3051 αἵρεσιν
985 2968 1088 3045 τούτου,
1102 2968 1241 3028 ἀναλαβὼν
1252 2968 1300 3041 τήν
1315 2969 1441 3050 στρατιὰν
1449 2969 1572 3049 τρέπεται
1584 2968 1649 3048 πρδς

877 3060 910 3118 τά
926 3056 1008 3117 λοιπά
1019 3060 1072 3116 τῶν
1088 3057 1232 3140 φρουρίων,
1246 3056 1291 3115 καί
1305 3058 1544 3138 παραστησάμενος
1562 3062 1646 3117 ταῦτα

877 3151 903 3207 ἀν
916 3150 946 3207 οὗ
958 3148 1067 3214 πολλαῖς
1078 3147 1190 3227 ἡμέραις
1200 3191 1208 3219 ,
1220 3150 1274 3213 τοῖς
1286 3145 1346 3224 μὲν,
1359 3145 1410 3206 όσα
1423 3171 1454 3225 γε
1469 3147 1551 3206 ἀδόκιι
1566 3149 1650 3227 αὐτῷ,

881 3233 994 3317 φρουρδις
1009 3234 1193 3315 ἐγκαθίστησιν
1213 3234 1340 3316 ίσχυράς,
1361 3235 1431 3295 ίστιν
1454 3236 1517 3296 ἀδὲ
1539 3237 1584 3296 καλ
1599 3259 1653 3296 κα-

878 3326 1010 3406 τέσκαψε·
1030 3322 1089 3391 τοὺς
1109 3311 1143 3382 δὲ’
1162 3323 1261 3402 ἀνδρας
1282 3323 1434 3399 ἀπέκτεινε,
1449 3327 1544 3391 παῖδας
1562 3324 1590 3385 δί
1610 3326 1656 3385 καὶ

879 3421 1005 3489 γυναῖκας
1023 3412 1245 3490 ἠνδραποδίσατο.
1288 3413 1326 3493 (s)
1352 3413 1540 3493 Καταδραμὼν
1558 3413 1588 3472 δί
1609 3414 1656 3473 καί

879 3506 926 3571 τῆς
940 3502 1021 3573 ἀλλης
1036 3500 1125 3581 χώρας
1136 3501 1166 3560 τδ
1175 3502 1309 3576 πλεῖστον,
1318 3502 1386 3560 ἀλλά
1400 3499 1433 3574 δὴ
1447 3501 1494 3561 καὶ
1506 3505 1554 3572 τῆς
1566 3501 1656 3561 Παιδ-

879 3612 930 3649 νων
945 3593 994 3648 οῦκ
1009 3592 1110 3668 ὀλίγον,
1124 3588 1170 3649 καλ
1189 3589 1262 3650 λείαν
1282 3589 1377 3658 ίλάσας
1392 3591 1432 3648 ότι
1449 3589 1551 3661 πολλὴν
1576 3589 1654 3659 αὐτὸς

880 3677 924 3737 καί
943 3701 976 3757 τη
991 3686 1103 3759 στρατιᾷ
1118 3677 1221 3747 διαδοὺς
1241 3679 1287 3738 καὶ
1305 3678 1447 3759 σατράπην
1461 3704 1494 3758 τη
1516 3676 1594 3760 χώρα
1608 3701 1656 3736 κα-

879 3764 1012 3839 ταλιπὼν,
1025 3766 1114 3846 θέρους
1126 3766 1252 3845 λήγοντος
1264 3766 1315 3840 ἤδη
1331 3768 1464 3828 ἐπάνεισιν
1480 3770 1505 3833 ἐς
1515 3764 1562 3838 τὴν
1578 3769 1655 3827 Κων·

880 3853 1033 3929 σταντίνου,
1048 3853 1094 3913 καί
1108 3853 1209 3913 διέλυσε
1227 3854 1275 3926 τήν
1289 3855 1427 3936 στρατιάν.
1445 3855 1499 3916 Καί
1513 3858 1528 3914 δ
1542 3855 1590 3932 μὲν
1605 3858 1657 3936 βα·

879 3939 966 4010 σιλεδς
977 3940 1070 4009 οὕτως.

9 4202 10 4245 3
77 4194 117 4244 it
128 4196 143 4258 ς
154 4200 174 4246 l.
193 4196 283 4247 verba
298 4194 367 4249 οὗτος
382 4195 426 4257 γὰρ
447 4195 512 4252 εὐθὺς
526 4197 574 4246 ete.
588 4208 668 4258 usqne
682 4192 714 4245 ed
734 4195 820 4259 ἐσφάλη
834 4201 874 4256 τῆς
885 4197 978 4258 γνώμης
997 4195 1123 4247 adduntur
1135 4197 1161 4247 in
1179 4198 1297 4262 margine.
1315 4198 1325 4263 ΙΙ
1342 4200 1527 4265 -χρὴσασδαι]
1541 4202 1656 4265 χρήσαιτο

9 4280 10 4317 fl
50 4262 97 4313 eod.
112 4265 163 4327 il-
177 4266 193 4330 ς
208 4273 233 4316 τ.
246 4266 298 4327 γὰρ
312 4264 371 4329 post
386 4277 439 4314 noc.
453 4266 560 4328 βασιλσδς
581 4264 1065 4328 αδδ.ιιιειι.2,[1-ις’1ἀῑτζανίῠείι
1087 4268 1123 4317 ἐπ·
1141 4267 1278 4319 celsaitem
1291 4272 1316 4320 ἐν
1339 4271 1414 4334 (ad).
1427 4272 1544 4321 cetemm
1565 4275 1655 4335 prmier

49 4344 125 4384 ιααιιι
139 4334 291 4387 critobulus
302 4335 387 4382 norm
400 4335 591 4396 Mechemeiem‚
609 4334 711 4385 ἀίιιιίεεει
726 4339 811 4387 contm
823 4335 942 4386 linthium
955 4336 1078 4388 exercitus
1094 4341 1178 4402 porte,
1196 4339 1278 4390 isium
1297 4341 1451 4392 obsidionem
1463 4342 1619 4393 continuasse
1630 4347 1656 4392 et

9 4418 10 4421 ’
49 4402 139 4464 θᾶσθε,
155 4420 237 4470 quum
259 4405 325 4455 nibli
338 4403 483 4467 proliceret,
504 4406 598 4469 reliquo
612 4407 708 4457 annisc
723 4407 824 4458 cssteils
845 4407 872 4457 ln
886 4410 1036 4472 potestatem
1051 4406 1174 4473 redegisse
1185 4422 1215 4458 nc
1227 4411 1281 4459 tum
1295 4408 1396 4461 demum
1418 4410 1655 4474 consmncnopobm

9 4476 11 4491 '
49 4485 96 4525 etse
106 4488 244 4527 mersum.
260 4478 300 4525 lix
312 4472 424 4525 melioris
442 4478 509 4525 noim
522 4475 685 4539 scriptoribus
698 4480 795 4527 constat
809 4477 1001 4537 Mecbemetem‚
1021 4476 1136 4527 nuntiato
1149 4477 1251 4528 maenio
1264 4479 1386 4540 adventu,
1402 4480 1557 4531 obsidionem
1568 4482 1653 4531 ststim

48 4546 141 4598 olrico
157 4561 187 4597 sc
195 4546 299 4598 relictis
316 4543 458 4596 bonbordis
472 4547 609 4610 ceterisque
619 4547 800 4611 impedimentis
809 4562 823 4599 e
831 4549 920 4599 Busiris
931 4548 1081 4611 decessisse,
1093 4549 1222 4610 ilungaros
1230 4561 1290 4598 vcro
1302 4550 1441 4600 serbersriis
1451 4550 1553 4600 castelle
1561 4550 1655 4613 potins

48 4626 95 4663 esse
106 4620 131 4665 et
143 4615 273 4667 Zroornlic
293 4613 383 4666 urbem
405 4615 486 4666 {trime
500 4616 578 4667 lluvio
589 4618 728 4680 oppositam
742 4621 848 4671 cinxisse
861 4619 1002 4682 obsidione;
1016 4619 1080 4669 iisne
1091 4621 1177 4669 cutem
1192 4620 1331 4669 turcorum
1352 4620 1468 4686 presidio
1488 4624 1539 4672 tom
1555 4623 1651 4687 egregie

49 4696 97 4736 este
110 4685 257 4747 dolorum,
281 4687 313 4735 ut
328 4697 373 4748 per
392 4684 457 4736 duos
472 4700 569 4738 menses
588 4687 683 4739 obsidio
704 4691 828 4742 incassum
850 4691 997 4754 traheretur,
1018 4693 1044 4741 et
1064 4688 1174 4753 liungsui
1194 4694 1346 4742 commestus
1368 4692 1449 4755 inopia
1474 4695 1500 4743 et
1520 4694 1654 4757 cppmpin·

49 4761 138 4817 murts
155 4757 250 4808 hiemis
264 4758 418 4819 tempestate
437 4771 591 4822 summopere
606 4759 716 4812 laborare
735 4763 876 4826 cepissent.
892 4765 989 4815 interes
1001 4760 1187 4812 bischnmutem
1200 4760 1362 4825 ηυειίεεμίιιίε
1382 4760 1511 4812 bominum
1531 4761 1608 4813 inillis
1623 4776 1655 4814 ex

9 4894 10 4897 γ
49 4828 142 4893 ibropae
158 4826 302 4895 provinciis
315 4826 441 4891 collegisse
450 4831 475 4879 et
490 4841 575 4880 mense
588 4829 719 4880 Novembri
733 4831 841 4882 obsessis
856 4831 987 4884 adduxisse
998 4832 1097 4883 auxilio.
1118 4830 1216 4889 Quibus
1225 4831 1400 4883 secedentibus
1412 4830 1512 4884 territos
1524 4835 1655 4897 ilungaros

49 4910 125 4951 versus
136 4902 232 4953 &rum
247 4897 346 4963 legisse
356 4897 382 4948 in
391 4911 468 4961 esque
479 4899 537 4964 iuga
552 4901 583 4951 sb
596 4900 740 4965 insequente
752 4903 823 4953 hoste
833 4903 977 4968 ςτινίεείπιε
986 4904 1068 4967 strage
1079 4902 1182 4952 dilectos
1195 4914 1259 4952 esse.
1270 4902 1327 4952 vid.
1342 4905 1435 4953 calens
1446 4904 1463 4953 i.
1475 4905 1492 4954 l.
1503 4918 1526 4969 p.
1541 4907 1651 4956 itt-itt.

49 4970 86 5020 cl.
98 4970 270 5022 Sesdeddinus
290 4981 317 5032 p,
339 4973 394 5027 235,
413 4970 457 5033 qui
475 4971 651 5022 blechemetem
667 4971 727 5021 dicit
743 4973 849 5025 voluisse
862 4973 963 5037 quidem
982 4974 1014 5024 sb
1030 4973 1105 5024 lsiisc
1120 4971 1183 5022 urbe
1197 4974 1283 5023 conlm
1306 4972 1431 5025 Zmomil·
1447 4975 1584 5026 exercitum
1604 4976 1652 5026 du·

46 5050 107 5101 cere,
120 5041 163 5093 sed
176 5043 286 5106 propter
300 5038 348 5088 vim
365 5029 523 5091 difficultates
536 5055 551 5091 ι
565 5038 667 5091 consilio
685 5042 845 5094 desistentem
864 5045 980 5109 sophiam
996 5043 1087 5095 abiisse
1105 5043 1188 5106 ibique
1205 5041 1341 5104 merosus,
1365 5044 1533 5096 Alexandrum
1551 5047 1651 5103 summ.

45 5110 134 5163 lutici
151 5110 265 5177 praesidil
280 5109 310 5159 in
323 5112 347 5160 Z
350 5110 449 5160 some
465 5110 526 5162 urbe
548 5112 708 5175 protectum,
725 5117 825 5164 strenue
843 5114 994 5165 obsidionem
1011 5115 1130 5165 tolerasse
1150 5126 1228 5176 usque
1249 5112 1281 5164 sd
1300 5114 1433 5167 adventum
1450 5115 1652 5183 mumulini

46 5205 72 5215 -
82 5182 96 5246 ς
106 5188 130 5233 s.
142 5184 255 5245 Ἐρογὼν
310 5185 351 5230 νῦν
364 5180 463 5246 Βρῦνος]
475 5182 559 5233 Voluit
573 5182 705 5249 Ἐριγὼν...
717 5189 757 5233 νῦν
771 5191 852 5247 Δρῖνος
866 5186 939 5251 (bod.
953 5185 1070 5249 Drinio),
1083 5185 1109 5235 in
1125 5184 1215 5247 quibus
1234 5186 1363 5249 Erigonem
1384 5188 1476 5238 veteris
1494 5190 1648 5256 geographis

45 5248 136 5305 indm
146 5252 224 5320 (bod
240 5251 398 5312 isara-sou)
407 5264 465 5301 enm
478 5252 554 5303 Drino
564 5255 704 5319 eomposuit
722 5253 811 5319 inepte.
829 5257 840 5321 il
854 5257 909 5322 -ς
925 5252 987 5320 sesi
1000 5256 1081 5321 ἄστει]
1096 5255 1153 5307 sdd.
1172 5268 1263 5320 margo.
1277 5254 1288 5322 Ι
1305 5256 1364 5321 -§
1384 5264 1407 5309 s.
1422 5258 1563 5327 ξνμσαλλιι]
1581 5272 1614 5313 m.
1627 5269 1650 5314 t.

44 5326 175 5384 postolis
188 5337 226 5373 m.
245 5326 269 5371 l.
286 5321 298 5381 ΙΙ
316 5346 343 5355 -
360 5318 376 5383 §
389 5326 414 5372 υ.
425 5322 548 5388 λήγοντος]
561 5338 653 5389 margo,
664 5331 789 5388 μεσοῦντος
801 5328 864 5379 text,
1571 5366 1578 5377 ,
