3842 6036
7 270 9 317 ί

7 326 9 367 ,
381 336 389 349 .

7 384 8 393 Ν
286 490 293 501 ,
366 426 616 489 nsennmams
641 428 771 492 annus
792 431 844 491 rx.
868 432 947 492 eaor
969 428 1154 509 (ires-irae
1175 429 1211 489 r.
1234 427 1291 500 e).
1575 428 1630 486 ιυυ

81 561 132 624 XV.
154 559 330 640 Κριτόόουλος
342 557 367 618 δέ
380 556 481 637 ἡμέρας
493 556 624 638 τέσσαρας
638 561 665 619 ἐν
678 563 716 638 τῷ
733 562 801 619 Κατ·
857 560 907 619 τιοί
927 584 955 619 τε
971 561 1017 620 καὶ
1030 558 1173 638 θίαχοίονες
1191 560 1345 630 ἐκαλοῦντο,
1356 557 1468 634 νομάδες
1490 558 1514 615 οί
1528 555 1631 624 πλείους

49 652 107 721 Ureu
119 650 186 708 όστει
200 645 335 725 διαγαγὼν
348 647 391 706 καὶ
407 646 642 722 καταστησάμενος
655 647 690 705 τδι
704 648 800 724 αὑτοῦ,
857 652 941 715 αὐτῶν
956 649 1002 707 καί
1025 648 1163 724 αὐτόνομοι
1178 647 1224 705 καί
1238 645 1406 705 άόασίλευτοι
1419 646 1451 715 ἐκ
1463 646 1577 705 πολλοῦ·
1593 646 1632 705 σί·

7 796 8 845 γ
48 734 201 821 ςῆθστερσίρ
214 733 355 799 όναλιόὼν
367 733 550 815 τετρακοσίους
564 738 654 803 ἱππεῖς
671 726 801 795 τθῶπλι·
856 743 931 796 κοθσι
946 734 973 795 δέ
986 737 1034 815 ὄρη
1048 759 1077 794 τε
1090 738 1193 813 μεγάλα
1210 735 1255 793 καὶ
1270 734 1425 817 ὑπερύψηλα
1439 733 1484 792 καὶ
1497 734 1634 814 δυσπρόσ·

7 886 8 893 ,
49 828 140 904 σμίνως
153 846 198 883 και
216 825 302 891 πεζων
315 824 421 889 θπλιτας
438 845 485 881 ουκ
506 823 633 891 ίλασσυις
645 823 801 902 τριακοσίων
856 824 918 895 οδα,
943 822 1047 904 ἔχοντες
1070 825 1097 881 ἐν
1126 824 1214 889 αὑτοῖς
1243 821 1290 889 καί
1315 822 1425 903 φρούρια
1450 822 1562 880 πλεῖστα
1586 820 1634 879 καλ

7 910 9 925 ’
48 917 179 997 δρικνεῑται
206 915 233 979 ἐς
264 910 472 990 Μυρινούπολιν,
496 910 543 969 καί
567 910 802 990 στρατοπεδεύεται
856 910 957 990 δρυμνδι
970 910 1015 970 καί
1029 908 1183 982 πολίσματα
1194 908 1278 987 ἐχυρδι
1291 911 1318 968 ἐν
1337 914 1370 989 τῇ
1392 908 1510 988 παραλία
1524 914 1569 967 τοῦ
1582 908 1633 970 ’io-

47 1004 123 1083 πόρρω
135 1008 178 1061 τοῦ
191 1000 354 1075 άστεος,τοῶ
366 997 404 1073 μδ,
416 998 585 1072 λυμήνασθαι
596 998 656 1066 τούς
667 1022 695 1057 τε
705 996 802 1066 ίππους
855 1002 924 1072 νίου,
937 996 956 1069 ἥ
969 1022 997 1056 τε
1017 996 1095 1078 χώρα
1114 1007 1188 1056 πᾶσα
1212 998 1299 1055 αὐτῶν
1313 997 1478 1077 πανταχόθεν
1491 995 1632 1076 ὠχύρωται

7 1154 8 1157 ς
47 1091 86 1151 καί
99 1089 253 1169 στρατιώτας
274 1085 320 1152 τδς
341 1083 402 1164 περὶ
424 1090 471 1145 τοῦ
494 1085 586 1152 ἄστεος
608 1085 743 1164 ἀμπέλους
755 1087 801 1145 καὶ
857 1085 1015 1166 δυσχωρίαις
1029 1108 1059 1144 τε
1071 1086 1198 1162 μεγάλαις
1210 1085 1256 1143 καὶ
1269 1083 1344 1159 ὕλαις
1354 1085 1469 1164 βαθείαις
1485 1085 1531 1143 καί
1543 1085 1633 1149 τόποις

7 1184 9 1187 ’
46 1174 198 1257 τῶςάγρούς·
208 1174 254 1234 καί
267 1172 373 1255 πέμψας
382 1173 493 1253 ἄγγελον
503 1174 579 1234 λαλεῖ
591 1175 672 1234 πάλιν
684 1177 802 1254 εέρηνικδ
858 1170 999 1249 ἀποτόμοις
1018 1171 1063 1230 καί
1078 1172 1269 1252 ἀποκρήμνοις.
1314 1176 1337 1249 (a
1365 1172 1585 1250 Προστησάμενοι
1607 1170 1635 1229 δέ

7 1314 9 1347 γ
47 1263 242 1347 οῷρρυυράρχη
267 1263 312 1322 καὶ
337 1270 461 1343 πειρᾶται
481 1261 567 1342 λόγοις
590 1261 699 1343 ἡμέροις
727 1265 805 1323 αὐτὸν
859 1257 913 1336 πρδ
925 1259 1027 1338 χρόνων
1047 1257 1141 1337 ὀλίγων
1155 1262 1185 1318 ἐκ
1198 1262 1245 1331 τῆς
1259 1261 1385 1339 σφετέρας
1398 1267 1490 1336 γενεᾶς
1505 1255 1634 1336 Ἀρειανόν

7 1380 9 1429 ι
50 1353 212 1432 ὑπαγαγέσθαι
222 1351 266 1409 καὶ
279 1347 466 1431 θποσχίσεσιν.
509 1349 541 1430 (ε)
554 1348 588 1411 Ὁ
603 1348 631 1408 δδ
645 1351 693 1420 τήν
708 1373 736 1409 τε
749 1374 805 1409 πα·
859 1353 917 1405 τινα
929 1347 976 1405 καί
988 1345 1155 1427 Ἀλέξανδρον
1170 1348 1302 1425 ἡγεμόνας
1318 1351 1418 1407 ἑαυτῶν
1431 1345 1572 1425 κατέχουσι
1587 1345 1636 1417 τὴν

7 1446 9 1519 l
52 1444 138 1518 ροῦσαν
151 1439 252 1515 δύναμιν
273 1437 324 1516 πρὸ
342 1438 485 1517 όρθαλμῶν
503 1441 589 1517 δρῶν,
604 1435 722 1505 καὶτοὺς
736 1438 806 1506 δντδς
859 1433 950 1515 χώραν
961 1437 1148 1516 ἷσχυρῶς,ούκ
1158 1438 1288 1504 ἐθέλοντες
1296 1435 1356 1497 ούτε
1368 1436 1525 1496 σπένδεσθαι
1534 1439 1641 1517 βασιλεῖ

7 1524 9 1609 ί
51 1533 94 1599 τῆς
112 1526 201 1592 πόλεως
221 1522 388 1605 θρορώμενός
407 1547 437 1582 τε
458 1524 504 1584 καί
519 1523 576 1600 ἅμα
590 1522 680 1590 δεδιὼς
694 1524 731 1600 μθ,
753 1528 806 1593 τοῖς
859 1521 918 1582 ούτε
933 1523 1034 1601 δασμόν
1053 1523 1193 1604 ἀποφέρειν
1212 1524 1344 1591 οὗθ’δλως
1366 1523 1521 1583 κατακούειν
1540 1526 1639 1585 αὐτοῦ·

7 1622 8 1697 J
51 1616 131 1684 §ubre
138 1611 314 1692 ίπαρθένττςῆ
324 1612 371 1671 καί
381 1614 628 1690 κοινολογησάμενοι
634 1613 702 1688 μετδ
709 1611 806 1673 τούτων
860 1613 889 1671 ού
904 1610 980 1688 μόνον
995 1610 1040 1683 δέ,
1054 1613 1123 1671 ἀλλὰ
1137 1612 1183 1673 καί
1195 1618 1243 1686 τῆς
1258 1616 1343 1673 αύτῶν
1358 1613 1487 1681 πολλάκις
1507 1612 1639 1674 ἐκθέοντες

7 1710 8 1731 ³
49 1702 165 1763 ιιίαῦτολ
181 1701 283 1760 ἔνδοθεν
297 1700 583 1774 ξυνιπαναστῶσι,κα“ι
601 1700 650 1772 τήν
673 1723 702 1760 τε
726 1701 807 1780 ἀκρό-
863 1701 909 1759 καί
932 1701 1058 1781 λαθραίας
1085 1701 1215 1769 ἐπιθέσεις
1245 1703 1291 1762 καί
1325 1700 1456 1783 ἐκδρομὰς
1489 1700 1640 1781 ποιούμενοι
1749 1760 1751 1764 ,

7 1866 9 1871 Δ
51 1795 114 1852 εολιν
127 1790 256 1850 άτοόαλεῖ
267 1789 313 1849 καί
329 1788 406 1855 αθτδς
421 1789 610 1864 κινδυνεύσειε,
627 1789 734 1869 δέχεται
746 1787 806 1855 τοὺς
864 1790 992 1850 έόλαπτον
1014 1789 1061 1860 rba
1078 1790 1172 1871 ὅμορον
1200 1792 1287 1859 αθτοῖς
1312 1787 1402 1871 χείιραν
1426 1794 1471 1849 τοῦ
1498 1790 1636 1869 βασιλέως.

7 1896 9 1939 i
50 1880 124 1959 λόγους
146 1881 283 1959 εἰρηνικῶς
300 1877 345 1938 καλ
367 1877 494 1951 ξυνθήκας
514 1879 628 1937 ποιεῖται
647 1879 693 1937 καί
716 1884 809 1959 προθε·
866 1881 902 1954 (ι)
921 1877 1099 1956 Ἐστρότευσε
1124 1877 1172 1954 μίν
1194 1869 1239 1939 οὖν
1264 1878 1309 1936 ἐπὶ
1333 1876 1439 1943 τούτους
1460 1876 1506 1936 καί
1528 1876 1639 1956 πρόσθεν

7 1962 9 2031 ί
48 1970 115 2043 αμίαν
127 1972 192 2028 αἰτεῖ
208 1969 255 2027 καί
269 1966 400 2042 λαμόάνει
416 1970 507 2045 μηνῶν
522 1972 621 2045 τριῶν,
635 1966 684 2035 ἕως
698 1958 728 2027 ού
748 1991 805 2026 κοι-
866 1965 1033 2046 Μωρείτηςδ
1054 1964 1220 2045 βασιλεὺς,θ
1237 1970 1283 2026 τοῦ
1302 1964 1431 2044 βασιλέως
1449 1965 1555 2043 πατὴρ,
1570 1967 1638 2044 χειρὶ

7 2040 9 2139 ί
49 2056 175 2133 ιοαάμινος
188 2060 226 2136 τῷ
242 2060 288 2113 τοῦ
301 2059 349 2124 τῆς
363 2054 456 2117 Ῥόδου
473 2054 608 2135 ἡγουμένῳ
622 2054 731 2134 μεγάλῳ
743 2049 807 2131 μαί·
862 2055 947 2132 πολλῇ
970 2055 1016 2113 καί
1037 2054 1162 2130 δυνάμει,
1183 2055 1229 2113 καὶ
1252 2051 1396 2130 ξυμθαλδιν
1418 2054 1508 2121 αὐτοῖς
1529 2062 1590 2131 νικᾷ
1611 2075 1639 2110 τε

51 2168 108 2225 ατριρ
121 2142 276 2222 (Λοδοόίκος
296 2142 347 2222 γὰρ
368 2141 616 2230 προαπεπεπλεύκει
631 2143 657 2208 ἐς
671 2140 806 2213 Ἰταλίαν,
863 2143 966 2207 τούτους
979 2139 1026 2199 καί
1042 2144 1095 2200 τῶν
1106 2164 1135 2200 τε
1147 2142 1269 2221 παρόδων
1281 2140 1410 2219 ἐκράτησε
1423 2138 1467 2200 κοιλ
1480 2139 1557 2220 μέρος
1571 2138 1638 2198 πολύ

49 2234 168 2315 ίτίτρυπον
181 2238 274 2292 τοῦτον
289 2239 348 2298 ταῖς
359 2230 448 2302 νήσοις
461 2229 628 2311 καταλιπών)
641 2228 748 2303 δέξηται
763 2230 808 2288 καί
864 2232 911 2300 τῆς
926 2230 1011 2287 αὐτῶν
1027 2229 1178 2305 κατέδραμε
1198 2228 1244 2288 καλ
1265 2226 1364 2308 ἐδῄωσε
1387 2228 1432 2287 καὶ
1445 2230 1497 2286 τῶν
1511 2227 1643 2307 ρρουρίων

48 2323 176 2401 ταράιίτῶ
188 2321 309 2398 ξύνθημα
322 2324 369 2378 τοῦ
380 2321 544 2399 παραδοῦναι
557 2318 606 2391 τόν
624 2342 653 2378 τε
666 2318 808 2398 ἀκρόπολιν
864 2316 919 2376 ἔνια
933 2314 1012 2384 ἐξεῖλε
1023 2317 1070 2375 καὶ
1080 2315 1154 2374 λείαν
1165 2318 1200 2383 ὡς
1210 2316 1338 2388 πλείστην
1349 2316 1459 2387 ἤλασεν·
1470 2316 1517 2373 οθκ
1524 2314 1642 2387 ἠδυνήθη

49 2409 256 2470 aldim-xri
268 2408 385 2487 ὁμήρους
396 2410 440 2467 ἐπὶ
449 2407 549 2473 τούτοις
556 2407 648 2466 δίδωσι
657 2406 702 2465 καί
713 2406 807 2468 πιστά.
863 2403 886 2462 δ’
899 2395 944 2462 edu
958 2403 1030 2480 ὅμως
1041 2406 1108 2462 ἑλεῖν
1123 2404 1168 2463 καί
1178 2402 1360 2482 ὑπαγαγέσθαι
1369 2405 1467 2476 τέλεον,
1479 2404 1539 2462 ἀλλ’
1554 2402 1643 2464 έσπεί·

49 2497 76 2577 (ι)
86 2496 252 2577 Κριτόόουλος
264 2497 293 2555 δέ
306 2502 390 2555 ταῦτα
401 2492 612 2575 διαπραξάμενος
621 2494 753 2570 ἐκπέμπει
764 2494 809 2554 δύο
864 2514 930 2552 σατο
943 2493 1022 2567 μόνον
1038 2495 1125 2558 αὐτοῖς
1136 2491 1287 2564 αἰτήσασιν,
1297 2492 1339 2573 ἐρ’
1350 2482 1557 2572 ᾧκαταόαλλειν
1573 2492 1644 2570 αὐτῷ

51 2586 221 2662 αἰιθημνίων
236 2584 375 2666 ἀρχόντων
386 2589 411 2652 ἐς
424 2584 625 2655 Πελοπόννησον
635 2582 809 2662 δγγελοῦντάς
864 2579 965 2656 δασμόν
986 2603 1045 2638 τινα
1067 2579 1201 2658 ἐπέτειον,
1221 2578 1317 2646 ἐλάσας
1335 2579 1362 2638 δέ
1383 2579 1455 2638 λείαν
1479 2578 1519 2638 ὅτι
1543 2578 1643 2650 πολλὴν

50 2697 73 2733 τε
90 2676 122 2754 τῷ
142 2672 290 2753 Δημητρίῳ
312 2671 346 2730 τδ
364 2671 540 2751 πεπραγμένα
561 2673 599 2743 οἱ,
613 2668 659 2729 καί
681 2668 810 2749 ἄρχοντας
865 2672 962 2728 δκεὶθεν
976 2669 1023 2728 καί
1034 2672 1067 2746 τῇ
1078 2676 1189 2749 στρατιᾷ
1203 2665 1306 2733 διαδούς
1318 2666 1495 2746 ἀνεχώρησεν.
1519 2665 1552 2746 (a)
1569 2668 1592 2726 B
1610 2688 1645 2723 α-

50 2760 184 2830 αίτόσοντσς
197 2762 313 2841 άρῖχθαι
329 2760 402 2840 αιίτῷ
420 2764 465 2818 τοῦ
482 2760 645 2839 παραδοῦναι
667 2757 716 2830 τὴν
731 2760 810 2829 νῆσον
865 2753 915 2835 χδν
929 2754 957 2814 δέ
971 2747 1040 2814 οὗτοι
1055 2754 1149 2834 χρόνον
1159 2754 1329 2831 ἐμμείναντες
1338 2761 1396 2821 ταῖς
1406 2752 1558 2825 ξυνθήκαις,
1573 2757 1645 2818 αυθις

50 2848 86 2907 ναί
99 2848 129 2909 τδ
141 2849 309 2927 πολίσματα.
331 2848 417 2916 Αὐτὸς
436 2846 464 2907 δέ
484 2846 635 2927 περιέμενεν
655 2850 682 2907 ἐν
697 2845 810 2926 Λήμνῳ.
868 2846 1037 2924 ἐνεόχμωσαν
1051 2844 1097 2902 καὶ
1115 2844 1159 2902 τόν
1180 2867 1209 2902 τε
1228 2841 1330 2917 δασμὸν
1353 2844 1400 2901 obet
1424 2841 1583 2910 ἀντεδίδοσαν
1599 2841 1645 2899 καὶ

52 2936 94 2995 tel
112 2943 190 2996 ταῦτα
207 2938 257 3015 μέν
272 2935 354 2998 οὕτω.
624 2984 626 2989 .
767 2992 771 2999 ,
869 2930 999 3011 ἐκδρομδς
1020 2932 1172 3009 ποιούμενοι
1195 2929 1353 3008 κατέτρεχον
1375 2928 1422 2999 τὴν
1447 2927 1578 3007 βασιλέως
1600 2927 1646 2985 καὶ

80 3021 147 3089 lli.
169 3025 302 3093 Βασιλεὺς
315 3025 343 3085 δέ
357 3025 416 3104 έμα
431 3016 476 3107 ἦρι
490 3024 632 3107 ἐρχομένῳ
645 3022 812 3102 ἐκστρατεύει
869 3019 1010 3080 ίόλαπτον.
1033 3020 1065 3097 (ελ
1080 3018 1145 3080 Ἐπὶ
1157 3017 1264 3084 τούτους
1274 3007 1318 3077 οὖν
1332 3016 1380 3089 ris
1395 3018 1520 3094 στρατιδιν
1532 3015 1646 3087 ἤλαυνεν

52 3115 106 3173 tert
122 3119 171 3174 τῶν
186 3112 339 3196 προσοίκων
358 3116 396 3194 τῷ
410 3113 496 3193 Ἰονίῳ
515 3116 607 3196 κόλπῳ
624 3113 758 3191 Ἰλλυριῶν
783 3116 810 3173 ἐν
869 3107 1026 3189 δβασιλεθς,
1034 3106 1080 3166 καί
1091 3107 1155 3187 ἄρας
1167 3108 1197 3165 ἐκ
1207 3109 1254 3177 τῆς
1261 3104 1395 3183 Ἀδριανςῶ
1404 3101 1485 3161 παντί
1494 3126 1532 3181 ῳ
1540 3105 1646 3184 στρατῷ

52 3199 108 3281 lile}
130 3204 265 3265 ἐσπλέοντι
281 3205 374 3261 τοῦτον
388 3201 449 3283 περί
462 3224 514 3262 που
533 3200 583 3274 τὴν
603 3201 719 3261 παλαιὰν
734 3200 813 3262 Ἐπί·
868 3201 970 3277 ἱππικῷ
979 3219 1009 3256 τε
1017 3195 1064 3257 καλ
1071 3199 1180 3277 πεζικῷ,
1191 3194 1234 3274 ᾔει
1243 3193 1286 3253 διδ
1293 3198 1340 3264 τῆς
1349 3197 1429 3253 αθτοῦ
1441 3192 1488 3251 καί
1498 3192 1646 3272 ἀφικνεῖται

53 3286 146 3363 θαμνον,
159 3290 184 3350 οἳ
197 3291 229 3362 δὴ
246 3288 382 3370 βάρόαροι
403 3290 475 3356 ὄντες
493 3290 525 3350 εδ
543 3289 570 3358 ἐξ
590 3292 675 3371 ἀρχῆς
689 3289 812 3350 Ταυλάν·
871 3290 896 3346 ἐν
912 3294 965 3353 τοῖς
979 3286 1057 3366 θρίοις
1072 3287 1157 3344 αθτῶν
1167 3286 1194 3343 ἐν
1203 3282 1273 3363 τρισί
1286 3283 1332 3342 καί
1345 3281 1487 3362 τριάκοντα
1501 3288 1559 3348 ταῖς
1571 3280 1646 3347 ὅλαις

84 3457 127 3507 lt.
142 3459 167 3510 τύ
184 3456 363 3521 ὡπλισμένους]
376 3458 412 3507 tic
423 3458 708 3522 margmtrnrnppn'ratouc
721 3460 780 3506 lert.
798 3458 851 3519 Π-
862 3453 877 3517 §
890 3462 913 3505 2.
935 3455 1066 3504 ἁποθαίλεῑ
1086 3452 1141 3502 cod.
1154 3451 1165 3516 [1
1180 3479 1206 3487 -
1222 3451 1236 3514 §
1256 3455 1280 3501 θ.
1304 3448 1444 3515 Δημητρίῳ]
1455 3461 1526 3512 mgo3
1541 3449 1647 3511 δεσπότῃ

56 3527 107 3577 tert.
120 3528 131 3592 Ι
142 3556 172 3567 -
181 3529 344 3593 παραδοῦναι]
359 3542 429 3592 mg0·,
444 3530 589 3590 παραλαόεῖν
602 3532 663 3578 text.

76 3596 129 3650 lvi.
139 3602 217 3658 Quam
228 3602 255 3651 in
267 3612 326 3662 sqq.
336 3596 482 3648 critobulus
494 3600 579 3648 namet
588 3600 674 3647 contra
686 3595 853 3646 Alexandrum
863 3595 917 3646 sive
927 3595 1136 3659 Scandcrbegum,
1145 3594 1294 3646 Albanorum
1303 3593 1447 3658 principem,
1458 3590 1647 3655 expeditionem,

7 3708 8 3719 ,
53 3676 92 3726 ουτ
100 3667 147 3730 iper
159 3669 330 3721 lienbemelee
343 3668 481 3718 exereitum
490 3666 603 3728 duxisse,
616 3680 696 3730 eoque
708 3667 806 3716 bostem
822 3665 933 3730 adegisse
944 3665 1036 3716 dicltur
1048 3670 1076 3716 ut
1087 3666 1183 3717 tributa
1190 3664 1298 3729 pendere
1308 3666 1335 3714 et
1345 3662 1444 3713 obsides
1454 3661 1514 3711 dare
1525 3663 1550 3710 et
1559 3661 1649 3711 milites

52 3736 122 3787 inde
133 3744 250 3803 pariare
264 3743 403 3801 cogeretur,
416 3751 472 3789 eam
483 3751 564 3801 neque
575 3740 677 3789 Grmeue
687 3737 752 3787 ullus
760 3750 841 3800 neque
852 3736 972 3788 Tureicns
982 3738 1098 3801 scriptor,
1113 3749 1193 3799 neque
1205 3734 1327 3785 Barletlm
1338 3736 1449 3784 venetus
1462 3733 1487 3782 in
1499 3731 1650 3794 amplissimo

53 3805 123 3858 *uude
132 3809 300 3871 semdmbeni
311 3809 386 3859 rebus
397 3808 474 3872 gestis
490 3821 564 3873 opere
575 3812 805 3860 commemorarunt.
822 3812 885 3867 Qum
896 3823 956 3859 vero
968 3808 1067 3859 aliunde
1079 3808 1111 3858 de
1125 3810 1262 3857 Tureorum
1276 3808 1362 3856 contra
1375 3804 1481 3854 Albanos
1493 3802 1563 3853 bellis
1577 3814 1648 3851 com·

54 3880 108 3935 iffi!
122 3877 255 3939 babernus,
271 3884 324 3930 tam
335 3879 408 3942 longe
422 3880 512 3930 absunt
523 3884 551 3929 ut
570 3880 690 3931 critobuli
710 3882 844 3932 narrationi
861 3881 969 3945 speciem
989 3880 1098 3942 aliquam
1112 3878 1164 3928 veri
1183 3876 1328 3935 concilient,
1340 3878 1369 3924 ut
1388 3886 1442 3924 eam
1456 3885 1551 3922 merum
1565 3873 1648 3936 potius

55 3947 160 4011 tfltplerla
174 3956 284 4014 petrono
293 3963 340 3999 sno
349 3949 497 4000 blandientis
511 3949 654 4013 ligmerrtum
665 3964 720 4001 esse
734 3952 876 4014 coarguant.
889 3953 927 4000 De
944 3949 999 3999 istis
1018 3949 1092 3999 rebus
1110 3954 1137 3998 lu
1149 3946 1235 3997 videas
1250 3945 1385 3995 Barletium
1400 3945 1448 4006 (Dc
1458 3946 1515 3993 otta
1533 3945 1558 3993 et
1571 3946 1650 4007 pestis

55 4020 206 4085 &enderbeqt
217 4021 266 4072 lib.
285 4022 333 4070 Vll
351 4033 406 4083 sqq.
419 4020 445 4069 in
459 4020 573 4071 lonieeri
593 4019 683 4071 Gbron.
704 4024 776 4072 Ture.
791 4026 851 4072 tom.
866 4024 891 4085 3)
905 4023 932 4072 et
944 4019 1018 4083 hujus
1029 4019 1132 4083 vestigia
1144 4018 1252 4082 legentes
1264 4018 1425 4065 flammarum
1436 4020 1460 4074 t,
1473 4028 1498 4077 p.
1507 4017 1540 4064 ie
1554 4026 1609 4076 sqq.
1623 4016 1651 4063 et

56 4087 215 4142 ῑνιλαεειιίυιιι
227 4097 255 4153 2,
267 4103 294 4155 p.
310 4094 351 4140 111
365 4103 420 4153 sqq.
429 4092 480 4153 ligo
494 4104 592 4140 summa
603 4096 728 4143 momenta
741 4093 827 4156 paucis
838 4090 1052 4156 comprehendisse
1064 4090 1126 4139 satis
1135 4088 1223 4138 babeo.
1235 4086 1401 4137 Mecbemetes
1411 4085 1487 4148 igitur
1495 4083 1575 4147 primo
1582 4084 1651 4147 regni

56 4158 146 4222 tmpore
157 4165 186 4211 nt
199 4162 232 4212 ab
251 4159 309 4210 aliis
326 4158 453 4224 plurimis,
463 4160 500 4210 sic
518 4161 551 4210 ab
571 4161 720 4212 Albanorum
731 4176 831 4228 quoqne
846 4163 955 4228 principe
971 4160 1092 4210 tributum
1104 4158 1281 4223 postulaverat.
1295 4155 1368 4214 Quod
1379 4168 1456 4218 quum
1466 4152 1651 4216 Scanderbegus

55 4229 180 4290 πενθέων
188 4244 275 4296 usqne
286 4234 426 4292 recusaret,
436 4231 536 4282 undem
548 4244 617 4281 arma
628 4245 729 4284 movens
741 4238 842 4285 Ησειιειι
853 4233 902 4284 dux
917 4234 943 4284 in
954 4230 1082 4282 Albaniam
1096 4229 1193 4293 irrupit.
1208 4227 1365 4278 cindemille
1377 4240 1464 4290 lassus
1475 4226 1514 4275 est
1525 4229 1551 4275 et
1562 4225 1614 4289 ipse
1626 4225 1651 4275 in

56 4308 128 4348 ninus
139 4302 206 4351 venit
216 4300 340 4353 Ιιοιείυιο.
355 4301 479 4350 Successit
490 4300 617 4364 merear,
627 4314 700 4364 quem
717 4303 805 4354 Albard
823 4303 913 4368 proelio
923 4301 955 4353 ad
966 4301 1079 4365 Scopiam
1089 4298 1221 4349 commisso
1238 4296 1401 4346 debellarunt.
1411 4298 1471 4345 Post
1484 4294 1551 4344 bunc
1561 4293 1650 4345 ,ςοιιειθ

55 4365 95 4416 dux
103 4369 132 4419 ad
141 4372 291 4435 lldgradnm
303 4383 384 4435 pugna
398 4371 511 4434 superior
524 4372 602 4422 erasit
613 4409 619 4429 ‚
629 4373 674 4424 sed
686 4374 771 4424 statim
780 4378 837 4438 post
848 4376 944 4437 partam
955 4371 1083 4422 victoriam
1095 4367 1333 4431 Constantinopolim
1344 4380 1460 4417 reversus
1470 4368 1517 4415 est.
1529 4365 1593 4415 Tum
1604 4363 1651 4414 sub

57 4440 117 4487 11οιε
125 4434 186 4492 duce
199 4455 267 4492 nora
279 4442 354 4491 'l'nrci
367 4440 437 4491 clade
452 4441 592 4491 alliciuntur
601 4443 684 4507 (Febr.
697 4444 779 4508 1457);
794 4457 851 4493 mex
862 4444 926 4493 alius
937 4442 1061 4493 exercitus
1078 4441 1125 4490 sub
1136 4443 1182 4489 Ιεα
1197 4440 1224 4489 et
1236 4441 1342 4489 Ησιιιαα
1362 4435 1467 4485 ducibus
1482 4436 1546 4486 inter
1559 4434 1650 4485 Drino·

56 4518 103 4557 uem
113 4513 138 4559 et
146 4513 268 4564 ltatbiam
281 4512 371 4561 duvios
384 4511 416 4562 ad
432 4511 624 4564 internecionem
635 4510 686 4564 lere
703 4513 800 4564 deletus
811 4519 858 4566 ast.
870 4512 1009 4573 Posthac,
1022 4524 1081 4561 vere
1093 4524 1133 4560 an.
1148 4513 1216 4569 1158,
1232 4512 1316 4560 Umur
1324 4506 1373 4557 dur
1383 4504 1553 4568 scanderbego
1564 4517 1650 4568 pacem

56 4580 78 4624 et
88 4577 160 4630 ludus
173 4582 280 4641 obtulit,
295 4580 336 4632 ille
345 4594 406 4632 veru
415 4582 498 4633 obtata
509 4586 569 4632 tunc
580 4582 681 4645 quidem
693 4597 741 4633 non
754 4583 868 4645 admisit,
879 4582 968 4633 deinde
976 4586 1073 4641 autem,
1084 4595 1162 4645 quum
1171 4594 1187 4631 ε
1195 4579 1349 4630 Ferdinando
1359 4582 1371 4629 1
1382 4580 1467 4641 contra
1480 4576 1651 4638 Franeogallos

57 4648 135 4699 auxilio
148 4651 321 4713 advommlnr,
331 4654 358 4703 in
372 4652 469 4703 ltaliam
485 4654 641 4717 proiecturus
655 4653 768 4704 inducias
779 4655 853 4704 unius
865 4654 922 4704 anni
935 4667 994 4703 cunr
1006 4653 1093 4703 Turris
1108 4648 1406 4717 perstrepentium
1419 4647 1530 4698 inducias
1538 4658 1569 4696 en
1585 4649 1651 4696 tern-

58 4728 133 4778 ΡΜ
149 4723 236 4774 ordine
258 4721 388 4774 reimenda
402 4724 484 4774 lorent
504 4737 562 4789 qua
580 4725 720 4775 critobulus
738 4722 886 4775 damnante
904 4737 945 4775 an.
964 4728 1024 4774 1159
1039 4722 1220 4773 aitecbemete
1244 4719 1353 4770 subactis
1371 4717 1515 4767 hariolator.
1535 4717 1652 4768 cetemm

59 4789 154 4842 mudum
167 4797 269 4858 peracto
281 4792 438 4844 induciarum
448 4797 571 4859 tempore,
583 4794 748 4845 blechemetes
760 4794 851 4845 bellum
863 4794 990 4845 renovavit
1000 4793 1083 4844 missis
1092 4793 1117 4841 iu
1126 4791 1254 4841 Albaniam
1266 4788 1363 4838 duobus
1374 4786 1537 4844 exercitibus,
1546 4798 1651 4848 quemn

59 4856 112 4909 Ιθα
120 4861 165 4913 rub
182 4868 269 4916 θίασοι
281 4862 347 4914 duce
363 4862 390 4913 in
404 4864 495 4914 llncris
506 4864 597 4915 montis
613 4864 740 4925 saucibus,
751 4863 823 4925 alter,
834 4877 909 4928 quem
921 4864 1072 4926 Heracliden
1082 4861 1202 4919 ducebat,
1216 4858 1248 4908 ad
1259 4857 1358 4920 (troiam
1373 4855 1460 4906 urbem
1478 4850 1570 4905 devicti
1582 4858 1649 4905 sunt.

60 4926 223 4983 limdnseliori
233 4932 350 4997 deinceps
360 4933 458 4984 ldrtuna
469 4934 556 4985 eodem
567 4947 632 4984 anno
643 4938 703 4984 litto
715 4938 855 4999 pugnarunt
867 4934 1019 4996 Ιαιεειαιθαρ
1030 4935 1055 4984 et
1070 4927 1275 4992 Karodcbabep.
1287 4928 1349 4978 Post
1360 4928 1442 4994 ιαιιυιε
1460 4923 1552 4974 dueum
1568 4924 1652 4975 clades

60 4996 211 5054 λίτιθισυεεοε
222 5016 309 5055 mense
322 5003 382 5053 blaii
393 5014 433 5054 an.
448 5007 504 5055 liet
517 5017 604 5069 pacem
617 5007 642 5056 et
656 5003 739 5055 ioedus
747 5004 829 5055 denuo
841 5005 931 5056 obtulit
943 5004 984 5055 bis
994 5001 1189 5060 conditionibus,
1202 5003 1231 5049 ut
1244 4996 1428 5060 scanderbegns
1438 4996 1557 5044 loannem
1573 4994 1652 5046 lilirun

60 5067 158 5122 ιθιίθευι
172 5072 259 5134 daret,
272 5077 298 5124 et
310 5075 447 5124 Tureomn
459 5075 537 5139 copiis
546 5075 665 5125 transitus
675 5088 720 5139 per
730 5074 859 5125 Albaniam
870 5074 902 5126 nd
913 5077 1063 5126 venetorum
1075 5070 1166 5136 oppida
1178 5069 1287 5132 pateret,
1302 5070 1377 5128 atque
1391 5065 1496 5115 liberum
1508 5064 1534 5113 in
1548 5064 1653 5116 albania

61 5141 221 5192 mucium
229 5142 319 5193 ‘furcis
328 5143 511 5194 wncaderetur.
519 5145 629 5202 Quarum
639 5144 807 5195 conditionum
816 5145 929 5208 quamuis
937 5142 1121 5204 scanderbegus
1132 5139 1223 5190 nubam
1233 5138 1282 5188 nisi
1292 5149 1367 5202 quam
1374 5133 1562 5199 1000000001οω
1571 5136 1651 5200 1000101

62 5209 202 5275 mmet,
214 5215 292 5266 nibrlo
303 5216 385 5265 secius
394 5213 557 5265 blechemeter
572 5215 651 5266 literis
662 5216 713 5265 suis
722 5214 748 5266 d.
761 5219 790 5265 m
802 5227 880 5266 mene.
890 5216 958 5267 lunii
967 5223 1007 5265 an.
1021 5217 1078 5263 ilbi
1091 5212 1157 5262 datis
1168 5208 1364 5271 scanderbegum
1372 5206 1479 5257 bbcmm
1494 5207 1582 5270 suique
1590 5208 1652 5269 juris

63 5278 159 5331 lban'ue
175 5284 312 5348 prmdpem
323 5283 459 5334 declaravit
476 5288 502 5335 et
519 5286 599 5336 ratam
614 5284 704 5337 babuli
717 5286 898 5351 possessionem
913 5285 1022 5337 locorum
1037 5285 1148 5336 omnium
1160 5281 1252 5346 mribus
1263 5281 1327 5332 bello
1341 5278 1431 5334 Albam
1445 5278 1518 5344 politi
1530 5285 1608 5331 erant.
1622 5305 1654 5318 -

146 5382 289 5422 εειοιιειιτι
306 5382 401 5421 αιτιοι.
417 5383 495 5423 enac.
509 5399 540 5411 -
551 5385 608 5425 τοι.
624 5385 652 5424 τ.
1546 5373 1562 5418 ⁰
