3890 6044
914 826 1295 942 nonnoni.
1394 796 1397 802 ’

976 1107 1234 1133 -Οθν-

371 1402 386 1441 t
967 1331 1247 1393 AlllS'l'ODElllUS.

349 1544 508 1622 Postquam
522 1556 621 1602 nostra
635 1543 713 1622 typis
724 1542 785 1620 jam
800 1560 937 1622 expressa
950 1554 1050 1620 erant,
1064 1543 1224 1620 fragmenta
1237 1542 1347 1601 codicis
1359 1541 1488 1601 Parisini
1498 1539 1669 1599 Wescherus
1682 1539 1778 1598 edidit
1789 1560 1820 1598 ιιι
1833 1540 1904 1598 libro

311 1642 364 1719 qui
381 1638 554 1699 inscribitur
568 1642 771 1715 Poliorcerr‘que
785 1642 835 1695 des
849 1641 931 1695 Grecs
948 1652 979 1697 et
990 1639 1094 1698 deinde
1107 1640 1263 1718 repetenda
1278 1640 1392 1698 curarit
1407 1640 1439 1698 in
1453 1643 1549 1697 ileuuc
1559 1638 1777 1714 arcldologr‘qrre
1798 1637 1871 1693 1868
1881 1648 1906 1692 et
1933 1624 1934 1645 ³

315 1738 402 1814 1869,
419 1755 453 1794 ac
471 1734 636 1813 complures
651 1735 709 1793 viri
725 1734 803 1793 docti
820 1735 851 1793 in
869 1735 960 1794 variis
973 1735 1074 1795 diariis
1090 1737 1127 1795 de
1146 1738 1183 1795 iis
1197 1735 1291 1796 verba
1313 1737 1452 1796 lecerunt.
1471 1735 1546 1793 Hinc
1567 1731 1693 1792 enotabo
1707 1753 1776 1809 quae
1789 1732 1907 1792 notanda

312 1833 385 1892 mibi
403 1832 550 1908 videntur,
566 1832 661 1909 iisque
674 1832 710 1889 de
725 1850 790 1889 meo
804 1831 934 1908 quaedam
950 1832 1146 1912 interponam.

353 1929 425 2007 Cap.
442 1950 468 1999 ι,
484 1930 501 2005 S
516 1949 545 2002 a,
563 1948 592 2006 p.
609 1949 636 2001 1,
656 1948 702 1988 10.
717 1926 794 2006 μέρος
807 1952 833 1986 τι
848 1926 916 2007 ἔχων
929 1919 1004 2008 ἧκεν]
1018 1931 1094 2012 μέρος
1106 1954 1132 1990 τι
1148 1930 1277 2011 ἐχώννυεν
1294 1929 1420 2007 conjecit
1440 1928 1569 1988 Hertlein
1590 1928 1623 1987 in
1643 1931 1723 1985 Neue
1736 1928 1908 1985 Jahrbr'r'clrer

305 2026 363 2100 fiir
375 2027 533 2103 Philologr’c
546 2028 607 2081 und
618 2027 812 2103 Paedagogr’l‚
826 2025 885 2083 rol.
899 2025 937 2101 98
951 2045 982 2105 p.
998 2033 1067 2093 τ4ι.
1087 2028 1173 2085 ι868.
1188 2025 1281 2084 Verba
1293 2028 1474 2105 γερυρωθῆναι
1488 2038 1516 2083 et
1529 2027 1630 2101 ζεῦγμα
1642 2025 1712 2084 sutis
1727 2024 1860 2083 indicent
1877 2021 1907 2078 dc

311 2136 415 2203 ponte,
431 2144 490 2182 non
512 2142 584 2181 vero
601 2122 637 2181 de
652 2142 757 2198 aggere
771 2142 933 2182 sermonem
951 2141 1023 2181 esse.
1036 2122 1190 2192 Quomodo
1205 2122 1396 2198 intelligenda
1410 2121 1500 2181 verba
1514 2122 1591 2195 sint,
1606 2140 1623 2180 e
1640 2121 1761 2181 lustino
1777 2122 1876 2199 liquet.

355 2241 381 2293 1,
399 2230 428 2292 4,
445 2241 475 2299 p.
494 2240 524 2292 a,
546 2219 575 2280 5.
589 2217 778 2291 συνεστηκυίας
792 2217 821 2278 dl
832 2222 878 2290 τῆς
897 2219 997 2298 μόχης]
1012 2218 1177 2295 legendnm
1194 2232 1265 2298 puto
1277 2216 1442 2289 ἐνεστηκυίας
1463 2219 1490 2276 δὲ
1506 2241 1531 2274 τ.
1548 2240 1579 2294 μ.

358 2337 384 2393 ι,
399 2324 427 2388 4,
443 2336 473 2395 p.
491 2317 540 2376 28.
561 2313 778 2397 ἐκπληττόμενος]
797 2315 949 2386 ἔκπληττων
964 2334 980 2374 e
995 2316 1144 2374 communi
1158 2313 1299 2392 loquendi
1313 2333 1369 2374 usu
1388 2312 1478 2373 scribi
1495 2314 1600 2372 volunt
1624 2313 1769 2372 Biicheler
1784 2319 1814 2373 in
1839 2317 1907 2372 llere

313 2415 415 2471 Ιαόυό.
430 2413 451 2470 l.
466 2414 487 2472 l.
505 2434 536 2492 p.
550 2414 587 2489 93
604 2426 632 2471 et
644 2411 790 2471 Loehbach
805 2410 879 2472 ibid.
892 2432 924 2490 p.
942 2419 1012 2481 α4ο.
1023 2411 1163 2473 Similiter
1177 2433 1204 2472 c.
1221 2421 1250 2483 4,
1271 2432 1283 2468 1
1300 2410 1444 2492 προδώσειν
1463 2430 1519 2489 pro
1534 2409 1715 2492 προδώσεσόαι
1733 2425 1764 2469 et
1785 2433 1811 2472 c.
1835 2432 1878 2483 rr,
1892 2419 1906 2476 4

315 2508 478 2586 ὡρμηκότων
494 2530 548 2587 pro
562 2509 727 2588 ὡρμημένων
743 2509 845 2587 reponi
855 2507 941 2585 jubet
955 2507 1107 2567 Biicheler.
1120 2507 1231 2566 F0rmae
1250 2508 1310 2566 istae
1325 2507 1428 2566 mediae
1448 2526 1540 2586 usque
1563 2521 1746 2567 recurrentes
1770 2529 1831 2567 non
1849 2521 1908 2567 sunt

315 2605 397 2664 furca
410 2606 605 2685 expellendae,
622 2606 672 2665 sed
684 2606 806 2664 serioris
819 2607 872 2663 aeri
887 2603 1025 2683 scriptori
1040 2603 1247 2665 condonandae.

289 2742 291 2745 -
353 2723 383 2773 υ,
398 2723 425 2774 7,
440 2722 471 2780 p,
490 2703 517 2775 3,
533 2723 579 2778 ¹9·
592 2702 776 2781 τἰγωνίσυνται]
794 2701 993 2780 όγωνίσωνταιὲ
1008 2700 1040 2757 Ε.
1052 2700 1148 2759 Miller
1164 2700 1196 2759 in
1210 2704 1309 2761 lcum.
1324 2704 1354 2761 d.
1368 2704 1433 2762 Sao.
1450 2701 1537 2775 1868,
1555 2722 1586 2780 p.
1604 2700 1828 2762 sacraturum
1841 2701 1907 2760 bene

313 2796 411 2859 babet.

354 2893 397 2956 lb.
422 2915 452 2973 p.
469 2896 498 2967 3,
513 2915 562 2955 ao.
579 2894 768 2977 κεκυρωμένων
783 2895 810 2956 δὲ
822 2893 894 2954 οὐδὲν
909 2892 1020 2973 ίοχύων]
1035 2891 1214 2975 κεκυρωμένον
1229 2891 1256 2951 δὲ
1269 2915 1293 2951 ο.
1307 2894 1338 2964 l.,
1353 2916 1389 2951 nc
1397 2909 1521 2970 ponoant
1533 2902 1592 2953 rien
1617 2900 1653 2953 de
1665 2898 1834 2973 persuasis,
1848 2897 1908 2955 lllil·

314 2991 357 3049 ler
371 2992 393 3065 l,
410 2992 428 3051 l.
444 2992 522 3050 llicit
533 3005 634 3052 auctor
647 3014 654 3050 ε
669 2993 743 3052 nibil
763 2992 864 3051 valens
885 3004 986 3050 contra
1002 3010 1035 3049 ea
1050 3011 1114 3068 quae
1134 2990 1324 3049 inconcione
1340 2992 1427 3050 duces
1446 2992 1646 3054 decreverant.
1667 2992 1751 3071 ἰσχύω
1774 2995 1806 3054 Ιι.
1826 2995 1848 3055 l.
1863 3014 1906 3071 ge·

312 3088 410 3146 netivo
421 3089 555 3165 jungitur
570 3090 647 3147 sicut
657 3088 809 3169 κατισχόω.
824 3090 1005 3166 Quamquam
1022 3088 1187 3167 exemplum
1201 3088 1233 3146 in
1247 3087 1349 3147 lexicis
1360 3109 1419 3147 non
1432 3090 1547 3168 reperio
1558 3102 1663 3168 praeter
1671 3090 1743 3149 illud
1758 3092 1906 3170 Aristopb.

311 3182 397 3263 Vesp.
411 3184 467 3258 357
482 3206 490 3242 ε
503 3182 594 3263 ίτχυον
608 3184 685 3252 αὐτὸς
699 3187 823 3261 ἐμαυτοῦ.
838 3185 953 3263 Siquid
973 3185 1179 3260 corrigendum
1197 3184 1288 3258 foret,
1304 3204 1497 3265 proponerem
1512 3186 1677 3267 ἀντέπραττε
1690 3188 1740 3245 τῶν
1755 3187 1907 3264 κεκυρωμέ-

314 3299 381 3338 νων·
395 3280 468 3340 ούδὶν
482 3279 509 3338 δὲ
524 3280 634 3359 ἰσχύων.
1775 3358 1779 3363 ,

354 3395 384 3446 υ,
403 3397 427 3433 1.
439 3395 469 3453 p.
488 3383 517 3446 4,
531 3379 560 3434 6.
573 3375 785 3459 συμ[πεπει]κὼς
799 3378 845 3437 καὶ
859 3379 948 3458 αὐτός]
961 3377 1132 3458 συμ[πείσας]
1146 3376 1192 3436 καί
1205 3375 1256 3455 γὰρ
1269 3376 1345 3443 αύτός
1356 3378 1528 3437 Wesclrerus
1540 3397 1557 3437 e
1571 3379 1680 3438 codicis
1693 3379 1789 3437 literis
1807 3382 1908 3457 partim

313 3471 447 3530 evanidis
462 3471 580 3544 elicuit,
600 3473 678 3551 quod
694 3487 770 3534 certe
789 3475 994 3551 corrigendum
1011 3477 1110 3534 luisset
1124 3475 1155 3532 in
1168 3497 1194 3532 σ.
1214 3473 1264 3552 γὰρ
1280 3473 1325 3530 καὶ
1338 3470 1425 3541 αύτός.
1442 3475 1549 3534 lterum
1575 3475 1705 3534 codicem
1725 3476 1853 3555 inspexi.
1871 3480 1909 3536 Ex

313 3568 366 3635 κὼς
386 3567 499 3645 syllaba
513 3582 643 3647 superest
663 3570 776 3633 literar
788 3585 817 3630 et
837 3585 990 3644 accentus,
1007 3571 1114 3630 deinde
1135 3590 1207 3630 vero
1231 3570 1338 3647 legitur
1351 3571 1397 3629 καλ
1416 3571 1507 3646 αὐτὸς,
1520 3573 1600 3651 quod
1621 3576 1668 3632 vel
1693 3573 1791 3632 inrito
1814 3575 1909 3633 codice
1933 3602 1934 3605 ¹

313 3665 475 3744 scripseris·
491 3665 664 3742 συμπεπείιιει
677 3664 729 3746 γὰρ
743 3667 821 3736 αύτὸς
833 3680 1028 3747 proposuerat
1043 3667 1194 3726 Riicbeler.

356 3762 402 3824 lb.
422 3784 453 3841 p.
473 3770 501 3835 4,
521 3765 567 3823 ι3.
583 3762 707 3843 τηρήσειν
721 3787 749 3822 τε
763 3764 953 3844 ὑποσχόμενος]
965 3788 988 3821 τ.
1002 3786 1027 3824 τ.
1041 3762 1247 3843 όποδτχόμενοςὲ
1272 3763 1422 3837 Biicheler‚
1439 3778 1472 3823 ut
1491 3769 1598 3825 vitetur
1611 3765 1743 3845 ejusdem
1767 3769 1852 3826 vocis
1866 3786 1907 3824 re·

312 3859 426 3936 petitio.

353 3974 383 4026 τ,
397 3956 424 4015 3.
440 3976 471 4033 p.
490 3963 519 4026 4,
536 3975 583 4012 ao.
599 3953 721 4039 Ἀθήνας]
737 3955 834 4028 &idue
848 3959 950 4016 codex.
970 3958 1013 4016 De
1027 3958 1242 4037 permutatione
1260 3958 1411 4017 nominum
1428 3959 1520 4032 θῆύαε
1533 3974 1563 4019 et
1574 3959 1679 4033 Ἀθῆναι
1698 3961 1768 4019 vide
1789 3982 1853 4040 quae
1872 3963 1910 4018 ci·

312 4062 412 4108 tantur
424 4052 454 4109 in
470 4051 570 4128 Steph.
585 4050 675 4110 flues.
689 4073 717 4112 ν.
731 4053 836 4125 Ἀθῆναι
850 4075 879 4133 p.
896 4056 965 4131 829,
983 4055 1018 4114 D.

353 4166 383 4217 n,
399 4147 429 4220 5,
445 4167 476 4224 p,
498 4147 528 4217 5,
543 4147 593 4207 ab.
611 4146 703 4227 τύχης]
721 4149 826 4209 Nescio
850 4171 887 4209 an
907 4150 997 4211 fuerit
1013 4150 1128 4224 λύσσης,
1143 4150 1249 4209 collato
1274 4153 1423 4213 Herodoto
1444 4174 1476 4231 9,
1496 4175 1526 4226 7,
1549 4175 1561 4211 1
1584 4153 1724 4232 εέγνωσαν
1798 4152 1910 4235 ’Aprosi-

312 4243 394 4326 δημον
421 4241 469 4317 μίν
493 4243 649 4320 βουλόμενον
668 4249 784 4326 ρανερῶς
800 4248 937 4306 ἀποθανεῖν
951 4249 981 4306 ἐκ
995 4250 1042 4319 τῆς
1060 4245 1208 4325 παρεούσης
1222 4246 1246 4305 ol
1264 4250 1367 4324 αἰτίης,
1381 4247 1582 4309 λυσσίοντό
1600 4272 1629 4308 τε
1652 4251 1698 4310 καὶ
1712 4252 1854 4311 ἐκλιπόντα
1868 4247 1911 4318 τὴν
1933 4316 1934 4321 γ

315 4337 387 4407 τσίξεν
401 4338 466 4418 ἔργα
480 4340 659 4410 ἀποδίξασύαι
677 4345 793 4422 μεγάλα.

355 4436 384 4508 3,
401 4456 430 4497 a.
447 4457 478 4515 p.
498 4439 528 4510 6,
543 4459 572 4511 7.
584 4440 704 4508 σταδίους
717 4442 848 4520 τέσσαρας
868 4443 927 4510 τούς
947 4443 999 4502 ἀπὸ
1014 4445 1165 4520 Σαλαμῖνος
1184 4446 1219 4511 εἰς
1233 4445 1368 4523 Μιλητον]
1381 4446 1452 4504 Arn.
1466 4443 1592 4503 Scbaeler
1605 4445 1638 4503 in
1651 4448 1730 4503 Neue
1742 4447 1849 4506 Jahrb.
1864 4446 1881 4503 l.
1893 4445 1912 4505 l.

311 4534 366 4610 leg.
383 4547 466 4612 putat
477 4535 529 4594 ἀπὸ
544 4536 653 4614 Σάμου,
667 4540 739 4601 adeo
753 4557 787 4601 ut
796 4544 958 4603 stadiorum
973 4561 1113 4602 numerus
1129 4543 1166 4601 ad
1183 4543 1287 4601 fretum
1303 4542 1381 4600 inter
1400 4541 1518 4601 Samum
1537 4554 1566 4600 et
1579 4540 1710 4600 Miletum
1730 4524 1924 4621 interjectum'

311 4630 484 4692 referendus
502 4634 550 4692 sit.
564 4634 671 4694 Parum
691 4637 748 4696 boc
769 4639 934 4718 probabile.
1175 4679 1179 4693 .

353 4730 383 4803 3,
399 4751 428 4790 a.
447 4752 477 4810 p.
494 4734 522 4804 6,
538 4740 572 4801 ι4
590 4734 623 4766 ’“
638 4737 804 4816 γιγνομένης]
817 4742 963 4796 Lacunam
983 4736 1063 4796 bisce
1077 4735 1176 4796 verbis
1194 4738 1291 4817 explet
1304 4738 1444 4797 Biicheler
1459 4760 1467 4797 ε
1483 4737 1633 4819 [θαυμαστλ
1650 4738 1678 4798 δὲ
1692 4729 1725 4811 ἦν
1744 4742 1761 4810 ἡ
1779 4735 1849 4799 κατὰ
1868 4735 1912 4807 τὴν

311 4823 391 4897 αὐτὴν
405 4827 508 4906 ἡμέραν
521 4826 660 4912 συντυχία]
673 4831 827 4907 γιγνομένης
840 4833 901 4893 κτλ.

280 4965 286 4978 .
333 4996 335 5000 .
353 4932 383 4994 4,
408 4943 433 4985 1.
451 4944 480 5001 p.
500 4926 530 4998 6,
547 4929 594 4984 τ6.
610 4926 741 4987 lacunas
754 4929 895 4990 Riicheler
912 4932 992 4991 hunc
1012 4932 1043 4991 in
1064 4933 1182 4991 modum
1197 4932 1354 5014 explendas
1379 4946 1499 4994 censet:
1515 4933 1774 5013 Πελοποννησ[ιακόν
1799 4933 1912 5008 πόλεμον

311 5015 380 5073 κατὰ
397 5015 445 5089 τὴν
459 5018 579 5079 Ἑλλάδα
593 5020 668 5102 ἔργα]
685 5023 825 5104 ἐπράχθη,
841 5039 870 5085 et
883 5028 991 5086 deiude
1013 5050 1020 5086 :
1034 5028 1124 5100 ίιεειδὴ
1139 5028 1268 5102 ἐξήλασαν
1281 5028 1339 5098 τοὺς
1354 5028 1460 5111 Πίρσας
1471 5032 1495 5090 οἱ
1508 5027 1636 5103 Ἕλληνες
1652 5030 1694 5110 [ἐκ
1707 5032 1754 5102 τῆς
1767 5029 1911 5109 Εύριύπηι,

312 5115 515 5194 καταφυγόντων
535 5123 588 5179 τῶν
610 5118 764 5202 βαρύῆρων
783 5124 818 5191 εἰς
832 5124 948 5199 Σηστόν,
959 5138 1014 5185 etc.
1028 5126 1178 5187 AtSestus
1197 5146 1314 5206 quoque
1332 5129 1363 5187 in
1378 5127 1495 5207 Europa
1504 5129 1569 5187 sita.

311 5305 332 5360 J
351 5217 404 5362 χχ)
400 5231 423 5284 1,
441 5233 471 5288 p.
491 5235 520 5287 7,
539 5215 566 5273 5.
583 5215 650 5296 ὑπὲρ
664 5219 716 5276 τῶν
728 5216 879 5299 Ἑλλήνων]
892 5220 959 5301 ύπίρ
974 5226 1025 5281 τῶν
1045 5222 1146 5303 ίργωνῖ
1168 5225 1325 5299 Biicheler;
1344 5225 1408 5304 ύιτίρ
1422 5224 1480 5292 τούς
1492 5222 1648 5299 Ἕλληνας]
1664 5222 1810 5284 Loebbach
1823 5225 1857 5283 in
1872 5224 1909 5280 N.

330 5323 350 5360 a
407 5309 450 5367 .l.
469 5309 487 5365 l.
499 5329 528 5388 p.
543 5311 592 5371 82.

1099 5425 1138 5504 lrj
