3906 6034
299 445 338 504 to
718 441 919 504 CRlTOBULl
940 443 1204 508 lusToRlaouol
1226 446 1299 509 LlB.
1323 448 1347 521 1,
1369 449 1474 509 elue.

299 573 545 655 Πορρυρογεννήτσυ
564 572 609 633 καὶ
629 572 753 651 φθάνοντι
773 574 853 656 μέχρι
874 579 922 647 τῆς
943 576 1066 653 ὀνομαζο·

298 660 379 738 μένης
399 660 483 733 πύλης
501 666 548 732 τῆς
571 662 703 741 Χαρισούς
735 663 887 742 ἐγχειρίζει,
915 664 973 730 tote
999 666 1070 744 αύτῷ

296 749 343 807 καί
360 772 431 815 τινας
445 751 497 806 τῶν
519 752 647 828 μηχανῶν
668 752 713 807 καὶ
728 750 923 829 μηχανοποιοὺς
942 751 1028 809 παίειν
1040 753 1070 812 τὸ

296 836 378 916 ταύτῃ
402 845 496 916 τεῖχος,
510 830 528 916 ᾔ
543 836 575 895 ἂν
597 836 702 904 ἀσθενὲς
723 838 768 898 καὶ
792 838 923 918 ἐπίμαχον
943 838 1000 912 εἴη,
1025 841 1070 898 καί

296 926 444 984 κατασείειν
471 924 546 986 αύτύ.
591 925 760 1007 (1)Ἰσαάκῳ
790 924 818 985 δέ
847 931 886 1007 τῷ
908 931 955 999 τῆς
983 928 1068 995 Ἀσίας

297 1013 439 1092 έπάρχοντι
463 1013 522 1073 τότε
550 1014 597 1073 καὶ
623 1014 813 1094 Μαχουμούτει
836 1014 934 1089 κύαητι
962 1016 1018 1076 δντι
1040 1017 1075 1076 τὸ’

297 1104 456 1173 τηνικαῦτα,
477 1101 586 1180 ἀνδράσι
610 1103 737 1180 γενναίοις
755 1125 783 1181 tp
811 1102 856 1160 καί
876 1107 909 1182 τῇ
932 1103 1001 1162 κατὰ
1022 1103 1069 1163 πά·

297 1190 376 1264 λεμον
394 1188 518 1269 ἐμπειρία
530 1191 575 1248 καὶ
596 1188 680 1268 τόλμῃ
696 1189 903 1266 θαυμαζομένοις
921 1192 1025 1270 πολλῇ,
1040 1191 1070 1249 ri

299 1274 351 1333 άπὸ
366 1280 410 1334 τοῦ
426 1276 605 1356 Μυριανδρίου
621 1277 701 1357 μέχρι
715 1281 767 1336 τῶν
782 1282 829 1350 τῆς
845 1279 965 1358 Χρυσέας
979 1282 1067 1339 πυλῶν

297 1362 401 1433 καὶτῆς
415 1362 497 1444 ταύτῃ
511 1366 645 1439 θαλάσσης
658 1364 737 1444 μέρος
750 1365 894 1445 ἐπιτρέπει.
938 1366 974 1447 (ι)
988 1368 1071 1434 tiri<

298 1448 351 1507 δὲδ
368 1449 489 1528 βασιλεὺς
510 1450 553 1520 ξύν
568 1475 599 1530 γε
622 1460 676 1518 τοῖς
694 1452 751 1511 δυσί
765 1454 955 1532 restituisti}
973 1476 1001 1510 τε
1013 1452 1070 1511 Χα-

297 1535 355 1615 λίλῃ
369 1538 415 1597 καὶ
439 1541 578 1620 Σαρατζίορ
597 1538 628 1598 τὸ
642 1539 721 1616 μέσον
735 1540 825 1618 ἐπέχει
837 1543 884 1611 τῆς
905 1539 1008 1607 πόλεως
1023 1541 1069 1598 καὶ

297 1629 343 1682 τοῦ
366 1626 425 1684 κατ’
448 1626 555 1706 ἤπειρον
579 1626 694 1706 τείχους,
715 1620 792 1706 καὶῇ
813 1628 930 1704 μάλιστα
952 1628 1068 1703 ἐνόμιζεν

297 1712 500 1792 ἐπιμαχώτατον
516 1704 592 1784 εἶναι,
605 1712 674 1793 ἔχων
690 1717 748 1790 μεθ’
764 1718 857 1773 ἑαυτοῦ
869 1716 916 1785 τὴν
928 1716 1069 1792 βασιλικὴν

297 1798 378 1868 αὐλὴν
392 1809 495 1872 πᾶσαν,
508 1801 578 1877 λέγω
602 1800 632 1871 δὴ
654 1800 712 1868 τοὺς
732 1802 898 1879 πεζαιτέρους
912 1822 941 1859 τι
962 1800 1008 1860 καί
1027 1826 1069 1861 το·

297 1883 373 1953 ξύσας
384 1889 429 1946 καί
442 1888 611 1954 ὑπασπιστάς
623 1890 668 1947 καί
680 1890 728 1961 τὴν
740 1891 822 1962 ἄλλην
833 1889 894 1970 περὶ
905 1889 982 1949 αὐτὸν
998 1890 1071 1962 ἴλην,

296 1976 311 2036 δ
331 1976 363 2047 δὴ
384 1975 414 2034 τδ
437 1976 625 2055 καθαρώτατον
640 1968 672 2049 ἦν
685 1983 732 2036 τοῦ
746 1978 870 2058 στρατοῦ.
986 1978 992 1985 ’

336 2064 469 2124 xxviii.
488 2062 617 2131 Ἔκτάζας
632 2064 659 2123 δὲ
675 2063 745 2123 οὕτω
768 2064 817 2136 τὴν
833 2065 902 2124 κατά
915 2068 965 2138 γῆν
988 2087 1070 2144 στρα-

296 2151 354 2213 τιδιν
365 2151 410 2210 καί
422 2152 585 2230 πανταχόθεν
599 2154 631 2212 τὸ
648 2151 732 2232 ταύτῃ
748 2163 834 2231 τεῖχος
852 2151 1066 2233 σἰσραλισάμενύς

296 2241 386 2301 τεκαὶ
406 2241 556 2320 περιλαύὼν
579 2245 616 2321 τῷ
638 2245 758 2320 στρατῷ,
782 2244 827 2301 τὸν
840 2241 910 2300 κατὰ
932 2239 1068 2300 θάλασσαν

297 2330 410 2406 πολεμον
424 2328 562 2410 ἐγχειρίζει
578 2328 720 2407 Παλτόγλῃ
729 2373 739 2401 ,
758 2328 832 2408 altpt
848 2326 959 2408 γενναίῳ
973 2351 1002 2387 τε
1023 2328 1068 2387 καί

296 2418 347 2475 τῶν
359 2416 429 2474 κατὰ
444 2416 578 2476 θάλασσαν
593 2415 711 2495 ἐμπείρῳ
725 2439 754 2473 τε
772 2415 818 2474 καὶ
841 2418 1025 2494 στρατηγικῷ,
1038 2414 1066 2474 δν

296 2504 413 2582 ἡγεμόνα
430 2510 475 2563 ταῶ
488 2509 613 2562 ναυτικοῦ
627 2503 723 2570 παντδς
739 2502 836 2576 εἵλετο,
856 2502 902 2561 καί
917 2506 963 2574 τῆς
979 2525 1067 2581 παρα·

298 2592 357 2659 λίας
366 2591 488 2667 ἁπάσης,
506 2591 628 2663 Ἀσιανῆς
641 2590 727 2650 τεκαὶ
743 2590 920 2670 Εὗρωπαίας,
932 2590 1069 2669 σατράπην

297 2679 360 2739 ύντα
376 2680 610 2746 Καλλιουπόλεως·
650 2681 683 2757 (τ)
699 2679 727 2746 δς
748 2678 780 2743 δελ
799 2679 829 2738 τδ
847 2677 915 2736 κατὰ
931 2677 1068 2737 θάλασσαν

297 2768 368 2827 άπαν
393 2772 480 2847 τεῖχος
498 2771 556 2833 ταῖς
581 2767 657 2826 ναυσὶ
674 2766 842 2847 περιείληφε,
866 2764 918 2825 άπύ
943 2763 1002 2842 (τε)
1024 2769 1070 2835 τῆς

296 2855 416 2937 Χρυσέας
429 2860 474 2914 τοῦ
489 2854 571 2934 ἄκρου
584 2857 664 2935 μέχρι
679 2856 719 2936 (δὴ
734 2855 800 2929 καὶ)
820 2858 872 2913 τῶν
884 2853 998 2932 νεωρίων
1018 2859 1064 2910 τοῦ

298 2948 413 3018 inierit,
422 2944 515 3005 στάδιά
528 2969 578 3004 που
591 2946 706 3022 μάλιστα
717 2945 776 3026 τρία
791 2942 836 3003 καὶ
848 2941 1062 3022 τεσσαράκοντα,

1128 576 1171 646 iis
1190 600 1220 656 γι
1238 581 1271 655 τῇ
1287 577 1378 638 ἁλύσει
1396 578 1442 637 καί
1455 586 1512 645 ταῖς
1534 578 1704 659 ἐφορμούσαις
1723 578 1812 660 ταύτῃ
1827 581 1900 640 ναυσί

1125 664 1170 724 καὶ
1181 665 1303 725 ὁλκάσιν·
1318 657 1347 724 ού
1362 666 1393 737 δὴ
1407 666 1453 724 καί
1467 668 1525 725 καθ’
1538 668 1640 746 ἡμέραν
1655 666 1836 747 προσύάλλων
1857 669 1898 728 τὸν

1125 753 1240 830 πόλεμον
1256 756 1385 831 ἐποιεῖτο,
1400 755 1557 834 βουλόμενος
1568 754 1612 813 τὸν
1628 755 1739 815 ἔσπλουν
1755 755 1898 834 βιάσασθαι

1126 846 1171 899 τοῦ
1186 840 1305 917 λιμένος,
1319 845 1354 908 ὡς
1370 841 1401 899 dv
1411 841 1457 901 καί
1470 841 1500 900 τὸ
1513 841 1582 901 κατά
1593 841 1623 901 τὸ
1635 843 1721 920 Κέρας
1730 840 1807 902 ἅπαν
1821 845 1901 923 τεῖχος

1126 926 1215 1007 ἀνοίξῃ
1232 929 1353 1010 πολέμῳ.
1397 930 1431 1010 (o)
1454 920 1508 989 Ἦν
1526 928 1554 987 δί
1573 933 1587 987 δ
1606 929 1745 1008 περίύολος
1767 930 1838 998 άπας
1858 937 1901 1004 τῆς

1125 1014 1227 1082 πολεως
1249 1017 1449 1097 θπεριληρθεὶς
1469 1018 1508 1095 τῷ
1524 1021 1630 1094 στρατῷ
1644 1016 1713 1076 κατδι
1733 1021 1787 1095 γῆν
1808 1041 1837 1076 τε
1859 1021 1901 1078 καὶ

1125 1101 1258 1161 θάλασσαν
1278 1103 1391 1183 άκριύῶς
1410 1102 1570 1182 λογιζομένῳ
1590 1103 1692 1163 στάδιοί
1707 1128 1760 1163 που
1783 1104 1896 1180 μάλιστα

1125 1186 1152 1255 ἓξ
1167 1189 1212 1246 καὶ
1226 1189 1311 1248 εἴκοσι
1328 1190 1392 1269 πρδς
1406 1191 1460 1257 τοῖς
1478 1189 1585 1249 ἑκατόν·
1604 1190 1657 1250 άπὸ
1675 1190 1777 1251 τούτοιν
1795 1184 1826 1264 ἦν
1840 1193 1900 1272 opt»

1125 1278 1220 1335 λακτυν
1234 1276 1312 1353 μόνον
1327 1280 1357 1338 τδ
1372 1284 1418 1337 τοῦ
1430 1278 1548 1358 Κέρατος
1558 1286 1645 1359 τεῖχος
1659 1279 1688 1340 τδ
1700 1279 1773 1346 ἐντὸς
1785 1284 1831 1352 τῆς
1843 1282 1898 1342 ἁλύ-

1125 1386 1207 1436 σεως,
1222 1366 1323 1424 στάδιοι
1344 1366 1420 1426 πέντε
1444 1366 1490 1425 καὶ
1503 1366 1659 1446 τριάκοντα,
1673 1367 1704 1427 τδ
1726 1369 1755 1426 δὲ
1772 1368 1838 1427 ἄλλο
1851 1379 1898 1427 πᾶν

1125 1451 1291 1530 έρυλάττετο.

1165 1540 1270 1599 XXIX.
1289 1538 1396 1618 Πράξας
1411 1537 1438 1598 δέ
1452 1539 1520 1599 οὕτω
1535 1547 1619 1600 ταῦτα
1635 1544 1829 1616 μετακαλεῖται
1847 1544 1900 1610 τοὺς

1127 1626 1320 1706 μηχανοποιοὺς
1339 1626 1384 1684 καί
1404 1630 1591 1704 κοινολογεῖται
1605 1627 1705 1695 τούτοις
1728 1628 1792 1708 περί
1812 1653 1839 1688 τε
1851 1636 1899 1689 τῶν

1128 1717 1253 1792 μηχανῶν
1272 1712 1377 1771 καὶτοῦ
1393 1714 1510 1791 τείχους,
1529 1711 1600 1782 ὅπως
1620 1713 1654 1772 ἂν
1666 1719 1755 1797 ῥᾷστα
1776 1724 1896 1798 καθαιρε-

1127 1804 1193 1872 θείη.
1215 1803 1249 1862 Oi
1262 1799 1290 1858 δέ
1305 1805 1493 1881 θπισχνοῦνται
1507 1805 1577 1883 αύτῷ
1598 1802 1689 1884 ῥᾳδίαν
1702 1794 1774 1862 εἶναι
1788 1804 1835 1877 τὴν
1848 1805 1900 1863 τού·

1127 1912 1173 1947 του
1200 1888 1368 1969 καθαίρεσιν,
1390 1887 1415 1947 εί
1431 1912 1461 1970 γε
1481 1889 1544 1967 πρδς
1566 1897 1624 1957 ταῖς
1650 1888 1743 1957 ούσαις
1769 1893 1896 1972 μηχαναῖς

1129 1967 1209 2054 (ἦσαν
1228 1974 1279 2057 γὰρ
1301 1980 1387 2043 αὐτοῖς
1403 1976 1455 2049 ἤδη
1476 1979 1522 2036 καί
1544 1976 1631 2058 ίτεραι
1654 1977 1771 2057 πρόσθεν
1793 2003 1896 2050 πεποιη·

1128 2065 1223 2143 μίναι)
1245 2066 1292 2123 καί
1315 2064 1406 2145 ἑτέραν
1424 2064 1573 2136 ποιήσωσι,
1597 2064 1644 2136 τὴν
1660 2068 1792 2124 δοκοῦσαν
1816 2068 1894 2131 αύτοῖς

1125 2153 1218 2224 ἱκανὴν
1233 2141 1299 2211 εἶναι
1310 2161 1466 2212 κατασεῐσαι
1481 2152 1511 2210 τὸ
1528 2161 1614 2232 τεῖχος
1627 2153 1672 2211 καί
1686 2156 1826 2227 καθελεῖν,
1840 2152 1896 2231 πρὸς

1125 2241 1157 2313 ἣν
1168 2242 1212 2301 καὶ
1228 2240 1410 2318 ἀναλωμάτων
1423 2242 1527 2299 πολλῶν
1543 2241 1588 2299 καὶ
1598 2244 1699 2321 χαλκοῦ
1714 2243 1841 2301 πλείστου
1855 2240 1895 2301 καί

1110 2329 1220 2413 ,ἑτέρων
1235 2330 1283 2386 ούκ
1297 2326 1391 2405 ὀλίγων
1410 2329 1485 2386 εἰδῶν
1503 2327 1587 2386 ἔνεστι
1602 2327 1706 2407 χρεία.Χ
1742 2332 1776 2409 (a)
1797 2330 1850 2391 Kal
1870 2327 1893 2394 ύς

1124 2418 1214 2493 εὐθὺς,
1230 2422 1323 2475 θᾶττον
1337 2415 1354 2487 ἢ
1370 2416 1459 2494 λόγος,
1474 2416 1579 2476 ἅπαντα
1595 2418 1710 2500 δαψιλῶς
1732 2421 1822 2488 αύτοῖς
1844 2443 1890 2477 πα·

1126 2506 1195 2586 ρέχει
1215 2505 1247 2563 τά
1262 2504 1326 2586 πρδς
1343 2502 1392 2573 rip
1404 2504 1514 2583 χρείαν,
1531 2507 1554 2562 oi
1571 2503 1598 2563 δὲ
1613 2506 1839 2575 κατασκευάζουσι
1852 2506 1892 2577 ris

1126 2591 1265 2672 μηχανὴν,
1286 2601 1397 2672 πρᾶγμα
1424 2590 1607 2673 ρούερύιτατον
1629 2594 1692 2652 ἰδεῖν
1713 2594 1764 2654 καί
1778 2597 1804 2660 ἐς
1822 2591 1893 2665 ἀκοὴν

1126 2679 1192 2745 ὅλως
1204 2678 1315 2738 ἄπιστόν
1328 2679 1413 2737 τεκαὶ
1425 2679 1647 2757 δυσπαράδεκτον.
1663 2678 1742 2748 Atio)
1757 2683 1784 2740 ol
1797 2679 1842 2752 τὴν
1852 2705 1892 2738 κτ-

1127 2765 1257 2838 τασκευὴν
1283 2769 1362 2837 αὐτῆς
1380 2765 1426 2825 καὶ
1441 2765 1472 2825 τδ
1485 2758 1553 2833 εἶδος
1573 2767 1618 2825 καὶ
1633 2766 1680 2838 τὴν
1697 2769 1843 2850 ἐνέργειαν,
1860 2772 1889 2831 ὡς

1126 2854 1192 2914 ίνύν.
1235 2853 1267 2932 (a)
1284 2853 1373 2925 Πηλδς
1385 2854 1566 2913 ἔπαλλάσσετο
1579 2856 1683 2914 πολλῶν
1698 2861 1821 2934 ἡμερῶν,
1831 2855 1890 2913 ὥστε

1126 2944 1344 3020 κατεργασθῆναι,
1356 2944 1404 3018 γῆς
1417 2945 1463 3012 τῆς
1476 2941 1603 3012 πιοτάτης
1615 2942 1698 3001 τεκαὶ
1711 2941 1890 3023 καθαρωτάτης

324 3156 375 3218 §i.
391 3158 457 3205 Ὀυτι
475 3158 502 3205 ro
518 3157 581 3219 την]
596 3158 656 3205 Huic
673 3155 698 3203 in
724 3154 832 3215 margine
852 3152 1003 3215 supplentur.
1021 3151 1032 3212 ΙΙ
1050 3156 1142 3199 -τῶν
1157 3157 1198 3209 τῆς
1219 3154 1323 3214 Χρυσὲας
1341 3151 1433 3215 πυλῶν]
1446 3152 1564 3214 Χρυσαίας
1582 3151 1671 3211 συείοις
1692 3152 1780 3216 scripsi
1794 3153 1889 3214 Χρυσέας

294 3225 383 3275 collato
394 3238 450 3288 sap.
467 3231 496 3274 18
506 3224 520 3286 §
531 3231 545 3273 2
556 3243 563 3272 ·.
576 3225 624 3272 ἀπὸ
639 3240 665 3272 τε
678 3230 719 3281 τῆς
732 3224 836 3286 Χρυσέας
852 3228 894 3270 τοῦ
905 3222 985 3281 depos.
996 3221 1114 3268 Ceterum
1125 3219 1257 3270 dioendurn
1271 3223 1325 3270 erat
1335 3224 1379 3270 aut
1392 3227 1432 3281 τῆς
1442 3223 1543 3285 χρυσέας
1551 3221 1604 3271 sive
1617 3227 1707 3284 χρυσῆς
1717 3224 1788 3279 πύλης
1794 3224 1837 3269 sut
1848 3225 1889 3267 τῶν

297 3297 399 3359 χρυσίων
415 3310 436 3343 s.
454 3300 550 3358 χρυσῶν
562 3300 650 3344 πυλῶν.
671 3296 745 3343 Porta
760 3307 825 3342 nunc
839 3294 922 3341 clausa
936 3304 1010 3355 prope
1023 3295 1120 3353 portam
1139 3294 1237 3355 Septem
1257 3294 1363 3343 turrium
1383 3293 1460 3358 (ledi
1477 3293 1550 3345 Krttll
1568 3295 1706 3358 Kopussi).
1723 3295 1773 3357 1)-
1787 3291 1801 3355 §
1815 3296 1836 3340 5.
1849 3289 1890 3338 ro

294 3378 322 3424 γε
331 3363 393 3426 τοῖς]
402 3376 510 3424 remano
524 3362 668 3413 taddituro.
683 3362 693 3426 ΙΙ
708 3361 844 3424 —Xaiiipl
856 3362 952 3418 Χαλήὶκ,
965 3360 1051 3409 sodex.

323 3436 433 3484 xxviii.
443 3434 489 3497 §b
499 3435 555 3485 birri
565 3450 591 3484 τε
640 3434 707 3498 μέχρι
717 3435 746 3492 δὴ
759 3432 815 3496 καί]
830 3436 858 3482 Iu
872 3431 911 3480 bis
921 3447 946 3479 τε
956 3430 1051 3493 (γε1)81
1064 3433 1104 3479 καὶ
1117 3432 1145 3489 δὴ
1160 3430 1292 3482 abundant.
1306 3433 1316 3497 ΙΙ
1328 3460 1358 3469 -
1369 3438 1393 3483 3.
1404 3432 1511 3496 στάδιοι]
1522 3435 1607 3483 στάδια
1617 3432 1631 3496 §
1648 3440 1670 3482 1.
1684 3433 1695 3497 ΙΙ
1705 3431 1887 3490 -ἒξκιὶεῐκοσι

294 3506 352 3566 πρὸς
366 3509 414 3560 τοῖς
431 3504 530 3567 ἑκατόν]
544 3505 622 3567 lgttur
634 3504 660 3553 in
674 3517 772 3553 murum
786 3502 993 3552 mediterraneum
1011 3500 1153 3550 critobulus
1172 3503 1324 3565 computavit
1341 3504 1420 3554 stadis
1431 3508 1462 3555 18
1481 3506 1550 3565 (nam
1565 3509 1608 3553 118
1620 3522 1652 3546 --
1662 3507 1693 3553 13
1707 3505 1740 3566 -Ιι
1757 3508 1785 3554 85
1798 3503 1886 3565 «pili,

297 3573 463 3625 consentiente
475 3575 595 3624 Phranlzo
614 3588 640 3636 p.
658 3575 713 3633 137,
729 3578 770 3633 11,
785 3572 825 3622 cui
843 3572 884 3620 iiie
902 3585 988 3620 murus
1003 3573 1043 3622 est
1052 3572 1080 3620 τὸ
1095 3571 1210 3632 ίξαμιλιον
1226 3574 1251 3636 (8
1263 3579 1289 3628 χ
1302 3577 1316 3622 8
1330 3573 1425 3636 stadia)
1436 3580 1477 3624 τοῦ
1490 3575 1583 3637 χέρσου,
1592 3573 1683 3622 Eodem
1698 3575 1773 3624 modo
1787 3570 1887 3621 Nimiam

294 3644 418 3694 Barbarus
437 3657 462 3708 p.
484 3649 512 3693 18
533 3662 539 3693 :
555 3645 582 3694 to
593 3643 660 3707 saza
672 3642 706 3692 de
716 3643 740 3692 le
756 3656 834 3694 lituro
847 3642 879 3692 de
893 3643 974 3703 terro.
988 3640 1035 3690 ebe
1044 3643 1103 3691 iera
1118 3643 1175 3690 roto
1185 3645 1230 3702 ste,
1246 3644 1295 3692 obe
1306 3656 1358 3692 sun
1369 3643 1402 3695 ds
1416 3645 1445 3694 to
1464 3647 1560 3694 Cresco
1577 3643 1607 3704 (i.
1623 3656 1645 3692 e.
1658 3656 1673 3692 a
1686 3649 1759 3706 ports
1773 3643 1886 3704 cosses)

289 3729 340 3779 per
352 3714 409 3778 βου
428 3715 457 3763 ul
475 3714 585 3777 Cbintpo
601 3716 694 3776 (usquo
706 3713 739 3762 ad
758 3713 891 3777 cynegium
903 3712 921 3775 ).
939 3712 1031 3762 Eadem
1047 3713 1097 3762 tere
1113 3725 1227 3762 mensura
1240 3714 1280 3775 (50
1291 3713 1366 3776 stud.)
1383 3714 1506 3764 indicatur
1520 3714 1586 3778 apud
1598 3719 1676 3765 anon.
1689 3713 1715 3763 in
1735 3711 1887 3775 Desedptiom

293 3784 362 3835 urbis
370 3785 537 3847 constmttp.
548 3789 579 3834 83
588 3785 613 3834 in
623 3788 732 3847 Duoang.
740 3785 845 3845 Consti,
858 3783 902 3846 qui
916 3781 1070 3832 latitudinem
1081 3783 1149 3833 urbis
1158 3796 1212 3833 esso
1222 3783 1352 3835 (liettoldo
1361 3785 1568 3848 pednm‚dieere
1578 3786 1661 3833 autem
1672 3784 1753 3834 soluit
1761 3793 1885 3849 passuum.

294 3859 412 3907 cetorum
428 3856 554 3921 longitudo
571 3856 645 3918 bujos
657 3856 722 3905 muri
734 3855 812 3905 multo
823 3855 901 3905 utimr
909 3857 955 3915 est,
963 3853 985 3902 si
994 3852 1102 3903 moliaris
1113 3854 1213 3915 stadiis,
1224 3868 1331 3918 quorum
1344 3860 1401 3905 oeto
1411 3856 1437 3905 in
1447 3855 1587 3905 milliarium
1598 3867 1741 3913 romanum,
1750 3857 1775 3905 et
1784 3852 1886 3904 moeno

292 3928 317 3977 in
329 3928 433 3991 gradum
441 3927 629 3991 geographioom
639 3928 822 3990 computantur.
836 3929 864 3976 ln
875 3926 957 3975 tabula
966 3925 1197 3987 Constantinopolis,
1208 3940 1282 3988 quam
1295 3926 1402 3990 Stolpius
1411 3926 1468 3977 tecit
1477 3941 1516 3976 au.
1530 3930 1597 3986 1883,
1608 3926 1696 3976 metior
1706 3931 1777 3987 8108
1785 3921 1885 3974 arrium

292 3998 549 4061 lurciosssireo,1so
566 4002 646 4048 metra
659 3997 816 4061 pallidaque.
828 4003 858 4048 33
873 3998 923 4046 lere
940 3995 1090 4046 sladiaveli
1102 3996 1215 4046 milliaria
1232 4000 1257 4047 et
1276 3998 1358 4061 paullo
1369 3998 1474 4061 amplius
1494 3997 1612 4047 ellioiuut.
1635 3996 1719 4047 Stadia
1736 4002 1774 4057 13,
1794 4006 1848 4059 qus
1858 3993 1883 4041 ad

293 4072 403 4119 extremo
423 4069 493 4118 urbis
505 4069 574 4132 apice
580 4071 651 4132 juxta
662 4073 758 4131 portam
774 4081 874 4118 aureum
886 4068 966 4130 posito
980 4081 1060 4131 usquo
1074 4066 1107 4116 ad
1120 4069 1203 4117 neoris
1217 4070 1319 4118 Galata
1332 4070 1475 4119 critobulus
1487 4071 1628 4133 computat,
1642 4070 1701 4119 satis
1713 4074 1780 4119 recte
1791 4062 1881 4116 habeut.

293 4139 314 4190 si
331 4139 440 4190 metiaris
456 4154 535 4221 psque
548 4140 580 4190 sd
599 4140 683 4189 neoris
696 4139 945 4203 Constantinopolis.
966 4138 1028 4187 ilino
1041 4151 1120 4200 usque
1140 4137 1171 4187 ad
1188 4140 1321 4202 cynegium
1333 4141 1405 4203 juxta
1417 4142 1492 4190 ceras
1510 4140 1591 4190 sinum
1612 4139 1701 4190 metior
1714 4140 1791 4191 stadia
1809 4142 1837 4186 18
1850 4135 1881 4183 vel

292 4208 373 4272 paqu
392 4210 508 4273 amplius,
523 4224 568 4273 pro
582 4209 671 4272 quibus
682 4210 742 4259 laiso
755 4215 784 4260 35
796 4209 875 4259 stadis
890 4211 936 4271 (38
949 4207 1013 4256 stad.
1030 4220 1082 4270 cap.
1096 4211 1171 4267 13,1)
1187 4209 1261 4258 babet
1276 4210 1425 4260 critobulus.
1438 4213 1524 4273 ltaque
1538 4210 1616 4260 totius
1632 4209 1701 4259 urbis
1715 4210 1819 4259 ambitus
1833 4206 1881 4253 lero

292 4279 429 4330 stadiorum
441 4281 516 4330 terme
530 4286 559 4330 83
572 4281 624 4331 sire
642 4287 668 4330 11
678 4281 856 4331 milliariorum.
866 4283 941 4330 lieete
956 4278 1042 4339 utique
1054 4277 1142 4330 Gillias
1162 4279 1186 4328 io
1195 4282 1299 4344 Topogr.
1313 4282 1397 4330 Consi.
1410 4294 1435 4345 p.
1447 4286 1476 4331 13
1491 4302 1497 4330 :
1510 4281 1624 4331 ambitus
1638 4280 1711 4329 urbis
1721 4294 1775 4329 otoo
1789 4275 1883 4335 ottinott

294 4357 322 4400 13
333 4349 473 4401 milliario.
489 4351 695 4414 Cbalooeoodylas·
706 4365 730 4415 p.
743 4354 798 4411 388,
813 4354 840 4400 18
851 4351 875 4400 ei
886 4349 972 4400 tribuit
981 4347 1061 4399 stadia
1077 4354 1128 4398 111.
1140 4351 1262 4414 corrupta
1274 4355 1332 4400 sunt
1345 4366 1401 4414 quo
1414 4352 1479 4415 apud
1488 4351 1592 4402 eundem
1605 4366 1628 4415 p.
1643 4353 1697 4409 381,
1713 4355 1741 4400 13
1752 4348 1859 4412 leguntur
1872 4361 1877 4390 :

291 4423 366 4478 διήκει
387 4422 433 4483 γάρ
448 4422 477 4482 (ὁ
488 4421 573 4484 λιμὴν)
586 4424 649 4478 ἐντὸς
662 4423 724 4471 κατὰ
742 4424 784 4484 pis
801 4424 842 4480 τὴν
859 4421 925 4469 πόλιν
942 4420 1027 4469 στάδια
1045 4419 1201 4479 ὀγδοήκοντα,
1213 4422 1251 4471 ἐπὶ
1265 4422 1290 4470 ot
1306 4424 1349 4480 τήν
1366 4424 1435 4480 ἀλλην
1449 4424 1545 4485 ἤπειρον
1560 4429 1603 4479 τῆς
1619 4423 1697 4484 χώρας
1711 4421 1746 4484 ἐρ’
1761 4414 1882 4488 saron}

293 4494 447 4548 πεντήκοντα.
463 4495 604 4553 anonymus
625 4492 650 4541 in
672 4492 839 4555 Descriptioue
860 4494 943 4540 Consi.
956 4488 1146 4551 turpitudinem
1163 4490 1232 4540 urbis
1246 4504 1301 4541 esse
1313 4491 1374 4541 dloit
1399 4496 1483 4552 tiolo
1494 4491 1594 4557 pedum
1604 4491 1635 4555 (i.
1653 4503 1674 4540 e.
1687 4488 1831 4554 passuum).
1847 4481 1880 4532 uh

292 4576 410 4613 numerus
423 4562 455 4611 sd
471 4563 603 4613 orribilem
614 4563 683 4612 urbis
698 4562 841 4613 referendus
850 4562 958 4617 ridetur,
968 4572 1040 4623 mem
1050 4559 1155 4609 eundem
1173 4561 1224 4611 lero
1238 4565 1324 4612 auctor
1337 4564 1451 4613 statuerit
1460 4567 1535 4627 atquo
1548 4559 1765 4623 Chaleoododylas
1774 4554 1881 4620 siquidem

293 4636 381 4695 11,875
391 4646 477 4697 passus
490 4634 602 4683 alliciunt
613 4639 656 4685 111
667 4637 705 4693 315
716 4634 803 4684 stadia.
812 4632 957 4682 Pbrantzius
966 4644 990 4694 p.
1001 4633 1054 4689 138,
1067 4636 1090 4689 5,
1100 4634 1126 4680 et
1134 4633 1276 4682 leonardus
1284 4647 1309 4696 p.
1321 4639 1366 4684 315
1376 4633 1497 4684 ambitum
1506 4633 1575 4683 urbis
1586 4636 1613 4682 18
1623 4632 1726 4681 millium
1737 4644 1790 4681 esse
1799 4626 1880 4677 dieunt,

290 4704 367 4768 idque
380 4706 446 4753 rosto
456 4704 485 4753 fit
499 4718 527 4754 er
538 4719 568 4754 eo
580 4719 702 4756 mensura
713 4718 813 4769 genere,
824 4717 873 4766 quo
884 4716 971 4753 murus
983 4700 1176 4752 mediterraneus
1185 4717 1233 4753 nou
1243 4707 1368 4767 quattuor,
1378 4705 1420 4753 sod
1430 4718 1474 4755 sex
1483 4704 1653 4755 milliariorum
1661 4703 1736 4753 luisse
1745 4698 1880 4767 pulum,

291 4774 355 4825 adeo
367 4778 396 4825 ut
408 4775 514 4825 stadium
527 4777 600 4827 tertia
618 4780 687 4840 parts
696 4777 778 4826 minus
790 4788 865 4839 mam
876 4778 949 4825 retus
962 4771 1070 4822 stadium
1080 4772 1235 4837 Olympicum
1251 4775 1352 4825 subesse
1364 4775 1441 4825 videri
1453 4776 1540 4840 possit.

322 4848 406 4897 xxix.
424 4849 461 4896 De
483 4846 618 4897 bombards
631 4847 739 4897 maxima
752 4846 844 4896 mirum
860 4848 980 4908 quantum
998 4841 1128 4905 scriptores
1149 4844 1303 4898 dissentiunt.
1325 4846 1468 4897 critobulus
1488 4845 1647 4895 bombardam
1666 4844 1753 4894 ceteris
1770 4853 1828 4904 quas
1836 4837 1878 4899 tom

291 4915 399 4966 babebat
410 4929 456 4966 rer
468 4918 585 4980 majorem
599 4920 690 4981 etquis
704 4917 783 4967 muris
799 4912 1073 4978 constantinopolitanis
1088 4913 1237 4976 disjiciendis
1253 4917 1391 4979 sufficeret,
1410 4918 1488 4981 ipsius
1510 4916 1616 4979 deniquo
1637 4914 1770 4965 obsidionis
1783 4914 1879 4970 tempor·

292 4997 370 5047 prope
387 4984 475 5035 urbem
494 4982 635 5035 fabricatam
653 5000 707 5035 esse
727 4986 811 5036 tradit.
824 4985 940 5036 Simib‘ter
953 4982 1057 5033 taitzam
1072 4981 1166 5033 Bosnioe
1176 4987 1262 5036 urbem
1276 4986 1391 5036 obsidens
1407 4987 1572 5036 blechemetes
1587 4983 1745 5034 bombardus
1759 4975 1878 5031 meotilis

292 5052 373 5115 [sordi
391 5056 427 5105 ibt
444 5055 679 5120 [solimitatibus
698 5057 820 5106 cominus
838 5056 873 5105 ait
891 5056 917 5105 in
932 5052 1034 5119 epistola
1050 5051 1082 5100 ad
1092 5051 1150 5117 imp.
1166 5069 1205 5119 ap,
1219 5060 1306 5108 caton,
1324 5061 1377 5107 lom
1403 5062 1440 5118 14,
1458 5072 1483 5121 ρ,
1497 5061 1550 5107 723,
1570 5055 1637 5106 idem
1654 5054 1796 5118 Beigrsdnm
1809 5056 1877 5128 oppit-

294 5126 411 5181 pnsturns
423 5124 613 5177 bombardorum
631 5126 796 5177 maximarum
813 5126 928 5176 labriosm
942 5137 1016 5189 pmpe
1034 5125 1168 5174 Κνιιεουσσ
1186 5129 1277 5178 servire
1292 5129 1380 5180 urbem
1399 5128 1505 5179 instituit
1522 5131 1555 5188 (s.
1577 5126 1701 5176 uoloisen
1713 5133 1736 5184 1,
1751 5138 1773 5187 p.
1786 5124 1810 5170 81
1826 5116 1876 5173 thil·

298 5190 383 5253 laudi.
395 5195 506 5258 Denique
517 5196 550 5248 ad
566 5196 711 5247 corinthum
726 5196 873 5247 bombardas
885 5195 953 5246 brodi
969 5193 1093 5256 iusserat,
1106 5196 1169 5246 teste
1186 5197 1380 5261 chaloooondyla
1391 5212 1414 5262 p.
1429 5202 1485 5258 113,
1498 5203 1536 5247 11.
1557 5196 1719 5246 Nihilominus
1731 5191 1782 5243 lieri
1793 5185 1876 5252 potest,

294 5262 323 5311 ut
339 5262 495 5325 Critobulus,
513 5265 539 5314 in
556 5267 705 5329 temporibus
725 5272 790 5317 reete
802 5266 947 5317 distinendis
972 5275 1060 5327 parom
1083 5270 1224 5329 accuratus,
1239 5268 1268 5317 ad
1299 5267 1432 5319 obsidionis
1448 5272 1545 5331 tompus
1560 5264 1671 5317 retulerit
1681 5277 1737 5327 quas
1752 5259 1826 5311 tribus
1843 5248 1877 5299 vel
