3906 6034
273 484 313 543 80
692 479 895 543 CRITOBULl
915 479 1182 543 fltsnoluniitllo
1202 481 1275 542 LlB.
1297 482 1322 553 1,
1343 483 1449 544 3636.

271 610 514 690 ματαίαδαποίνη,
536 614 588 670 τῶν
609 614 737 693 μηχανῶν
750 610 781 670 τὸ
798 621 851 671 πᾶν
871 634 1042 692 κατεργασα-
1096 611 1175 695 ρόρου
1190 617 1307 692 τυχοῦσα
1321 612 1449 684 τοσαύτην
1460 612 1566 684 ἐποίησε
1583 614 1667 693 φλόγα
1680 615 1727 674 καὶ
1743 622 1864 677 τοσοῦτον
1938 628 1939 679 l

270 699 365 776 μόνοιν.
1095 700 1162 781 ἤρθη
1173 702 1316 779 μετέωρος,
1329 703 1364 768 ῶς
1377 701 1423 760 καλ
1437 704 1491 760 τῶν
1510 700 1644 770 ἐπάλξεων
1659 705 1746 763 αὐτῶν
1764 709 1855 785 ύπιρει
1938 752 1939 757 ,

308 789 432 849 XXXII.
459 785 505 848 Ἐν
522 788 577 868 δσῳ
592 786 619 846 66
633 792 717 846 ταῦτα
741 786 856 865 ἐγίνετο,
877 792 892 848 6
917 787 1041 866 βασιλεὺς
1096 785 1208 857 ναθῆναι
1222 786 1268 845 καί
1285 788 1310 854 ἐς
1329 786 1364 845 τδι
1390 787 1443 847 ἔσω
1463 792 1510 846 τοῦ
1528 788 1651 868 φρουρίου
1671 795 1797 870 χεθῆναι,
1820 796 1864 853 καὶ

271 874 411 936 διαλαθών
425 899 499 942 τινας
511 879 564 934 τῶν
579 874 677 943 τάξεων
694 875 805 949 κοίτην
824 876 962 956 βασιλικὴν
981 876 1040 946 Ιίλην
1095 873 1256 953 καταφλέξαι
1265 874 1377 942 πολλοὺς
1388 879 1439 935 τῶν
1462 878 1489 934 ἐν
1502 878 1590 955 αὐτῷ,
1613 880 1714 953 μᾶλλον
1732 879 1762 938 66
1776 880 1864 959 όλίγοο
1938 944 1939 947 γ

269 973 374 1036 πᾶσαν,
388 963 432 1043 ᾔει
447 961 491 1020 666
511 960 601 1032 τὸτοῦ
615 962 766 1041 Θεραπείου
780 962 916 1043 φρούριον,
931 963 1040 1041 ἐρυμνά·
1094 962 1185 1034 ίδίησε
1203 963 1303 1030 πάντας
1328 964 1473 1044 διαφθεῖραι
1490 964 1549 1032 τοὺς
1574 964 1657 1027 ἔνδον.
1708 970 1742 1045 (ι)
1770 968 1865 1047 Ὅμως

269 1075 346 1112 τατον
364 1052 452 1123 πάνυ,
471 1050 517 1109 καλ
539 1050 684 1122 ἐπιστήσας
706 1050 829 1130 μηχανὰς
850 1049 986 1112 κατέσεισί
1011 1073 1041 1108 τε
1094 1072 1125 1128 γε
1141 1049 1195 1124 μὴν
1215 1053 1239 1109 ot
1254 1053 1473 1132 περιλειφθέντες,
1492 1052 1567 1128 μολις
1587 1054 1633 1113 καὶ
1653 1054 1721 1131 μετὰ
1744 1058 1865 1116 κινδύνου
1938 1054 1939 1087 3

269 1141 316 1199 καὶ
329 1138 469 1242 κατέρριψε
483 1136 578 1197 τούτου
589 1138 619 1197 τδ
629 1138 722 1198 πλέον·
738 1138 783 1198 καὶ
795 1142 848 1197 τῶν
860 1140 933 1206 ἐντδς
948 1138 1041 1197 πολλοὶ
1095 1140 1191 1197 πολλοῦ
1210 1139 1361 1217 διαδράντες
1381 1140 1411 1199 τὸ
1430 1145 1492 1220 πῦρ,
1505 1139 1714 1222 προσεχώρησαν
1736 1146 1810 1224 αὐτῷ
1824 1144 1867 1203 καί
1938 1148 1939 1215 i

270 1161 409 1287 οἰπίθανονρ
413 1229 467 1292 τοῖς
480 1227 533 1284 απο
543 1248 595 1284 των
590 1227 742 1335 μηχανῶν
762 1225 857 1297 λίθοις,
877 1229 902 1285 οἱ
920 1226 948 1284 66
968 1248 1042 1305 περι·
1095 1226 1156 1285 ἄνευ
1172 1227 1326 1304 ὁμολογίας·
1341 1226 1385 1294 ους
1395 1227 1441 1286 καί
1452 1226 1541 1287 λαόων
1556 1229 1795 1308 αἰχμαλώτους’
1756 1255 1867 1307 παντας,
1938 1258 1939 1317 γ

269 1312 470 1393 λειφθέντες
433 1336 485 1370 των
506 1314 623 1392 φρουρῶν
641 1314 671 1370 o6
689 1311 829 1385 δυνάμενοι
842 1312 958 1392 ἀντέχειν
984 1312 1040 1383 ἔτι,
1094 1315 1153 1378 τοὺς
1172 1312 1220 1389 μέν
1234 1312 1401 1393 οίκήτορας’
1386 1315 1515 1392 απέδοτο,
1533 1315 1632 1383 τοθςδί
1651 1339 1685 1375 πε
1688 1320 1867 1401 ριλειφθόντας
1938 1356 1939 1405 γ

270 1400 477 1480 προσεχώρησαν
499 1398 626 1479 ὁμολογίᾳ
641 1400 834 1508 χρησασθαι’
805 1408 890 1510 αντρῖς
911 1402 927 1458 6
940 1423 965 1457 τι
981 1400 1041 1479 βού·
1094 1403 1145 1458 τῶν
1160 1403 1279 1482 φρουρῶν
1295 1401 1440 1465 ἀπέκτεινε
1460 1361 1515 1461 Καί
1526 1408 1610 1463 ταῦτα
1627 1403 1674 1481 μίν
1687 1406 1787 1487 ταύτῃ.
1938 1464 1939 1485 γ

270 1491 356 1548 λοιτο·
367 1486 733 1553 θδὲάνεσκολόπισετούτους
746 1488 1041 1567 τεσσαράκονταόντας.
1137 1488 1272 1549 XXXIV.
1293 1487 1426 1567 Ῥωμαῖοι
1447 1490 1475 1549 66
1492 1492 1539 1550 καὶ
1553 1490 1745 1570 ’ίοοστῖνος,τ
1728 1496 1869 1605 τδτεὶχφς

271 1580 303 1655 (ε)
321 1577 473 1638 ίίάκιῖθεν’
456 1599 493 1684 ιφ
495 1573 606 1654 ’ἕτερον
617 1574 736 1655 ᾖειφρ’
692 1598 795 1653 ρουριον
807 1576 932 1636 Σπουδίου
949 1575 1043 1634 καλού·
1096 1578 1205 1654 ὁρῶντες
1218 1574 1301 1642 οθτως
1317 1579 1430 1655 ἰσχυρῶς
1446 1578 1546 1637 666
1510 1602 1562 1638 των
1577 1583 1708 1688 μηχανῶν
1726 1586 1867 1645 κατασειό·
1938 1586 1939 1589 ’

271 1683 361 1735 μενον,
373 1663 463 1722 καλ’
434 1684 499 1722 αυτο
486 1662 673 1729 κατασείσας
685 1687 744 1729 ταις
756 1686 889 1742 μηχαναις
900 1664 946 1722 καί
958 1687 1042 1722 κατα
1096 1685 1171 1737 μενον
1181 1662 1226 1721 καί
1248 1661 1433 1742 ῥιπτούμενον,
1447 1688 1518 1724 τοτε
1526 1666 1641 1733 ἐντος
1611 1689 1640 1725 το
1652 1691 1681 1726 τε
1696 1670 1779 1743 ἐκτὸς,
1788 1676 1863 1751 πρῶ-
1938 1666 1939 1685 ³

272 1750 362 1810 όαλὼν
390 1748 538 1824 αὐθημερὸν
562 1750 764 1857 παρεστήσατφ,
789 1750 913 1819 καὶτοὺς
946 1752 1049 1829 ἄνδρας
1096 1772 1139 1807 τον
1153 1748 1569 1829 μενδοκοῦςμεγάλαςίξοίπτοντε
1559 1753 1674 1821 ςάνωθε
1675 1758 1801 1817 ντοῦτεί
1796 1783 1868 1837 ,(,ους
1938 1760 1939 1779 ³

271 1836 488 1908 διεσκολόπεσεν,
511 1835 618 1914 άγαγδιν
632 1838 745 1918 παρδι
720 1860 751 1896 το
765 1848 850 1918 τεῖχος
863 1863 910 1910 της
924 1840 1042 1916 πόλεως,
1096 1837 1141 1896 καί
1157 1836 1267 1917 βροχους
1279 1837 1487 1916 όὶαοτωντες
1445 1862 1490 1897 καε
1507 1840 1606 1905 σάκτας
1623 1840 1720 1916 μεστάς
1732 1843 1811 1922 ἐρίων
1824 1847 1870 1905 καί
1938 1860 1939 1891 f

270 1926 313 1984 ίνα
328 1923 530 2005 δλκαταφενεῖς
543 1916 605 1986 τίεν.
1097 1923 1165 1981 άλλα
1178 1929 1286 1983 τοιαῦτα
1300 1897 1507 2006 πίριὸάλλοντες
1521 1926 1660 1985 ἀνέκλων
1647 1952 1683 1995 ως
1695 1930 1850 1990 δυνατὸν
1820 1956 1870 2006 την

317 2016 454 2075 xxxiii.
474 2013 552 2074 Κατα
565 2013 592 2073 oi
607 2014 654 2081 τδς
668 2012 747 2080 αθτδς
762 2014 863 2094 ἡμερας
876 2036 922 2072 και
911 2012 1044 2073 Παλτό·
1096 2010 1226 2092 φορδν”
1191 2034 1242 2069 των
1254 2010 1332 2071 λίθων
1347 2011 1540 2082 καλέξεκαύλιζ
1526 2015 1580 2082 ζον.
1626 2014 1725 2093 (ιψὫς
1742 2019 1871 2080 δὲταῦτα
1938 2030 1939 2033 ’

272 2103 338 2180 γλης
350 2107 365 2162 6
376 2107 422 2160 τοῦ
433 2102 526 2162 στολου
540 2101 646 2181 ἡγεμὼν
659 2102 706 2168 τδις
721 2104 769 2181 μὲν
787 2101 894 2169 πλείους
912 2104 964 2160 τῶν
979 2104 1042 2159 νεῶν
1099 2097 1184 2179 βραχὺ
1208 2098 1254 2159 καὶ
1275 2098 1346 2159 οὐδέν
1368 2099 1385 2158 6'
1401 2123 1427 2157 τι
1441 2099 1487 2159 καί
1505 2099 1583 2177 λόγου
1602 2101 1672 2171 άξιον
1693 2103 1789 2182 ἤνυεν,
1801 2109 1871 2167 ἀλλὰ
1932 2130 1937 2139 ’

273 2193 351 2250 αὐτοῦ
364 2189 501 2248 κατέλιπεν
517 2192 638 2271 ἐφορμεῖν
648 2193 686 2270 τῷ
696 2190 808 2264 στόματι
820 2195 866 2249 τοῦ
880 2187 984 2266 λιμίνος
994 2190 1040 2247 καὶ
1097 2189 1184 2247 πάντα
1200 2187 1323 2265 διελίκμα
1338 2189 1383 2247 καὶ
1405 2190 1567 2260 διεσκέδαζεν
1586 2196 1603 2262 ἡ
1623 2195 1747 2270 μηχανὴ,
1768 2197 1817 2255 καὶ
1841 2199 1871 2256 τὸ

273 2280 306 2356 τῇ
321 2277 428 2350 ἁλύσει,
452 2283 498 2336 τοῦ
513 2278 551 2350 μή
562 2301 588 2337 τι
602 2280 722 2339 ἑοπλέειν
735 2277 754 2348 ἢ
769 2276 905 2349 ἐκπλέειν,
925 2276 1003 2343 αὖτὀς
1016 2277 1043 2335 66
1097 2286 1183 2357 τεῖχος
1200 2277 1371 2356 κατέρριπτεν
1388 2278 1453 2356 (ἤδη
1473 2277 1525 2358 γάρ
1544 2278 1611 2337 πολύ
1625 2302 1651 2337 τι
1665 2282 1801 2341 κατέπεσε
1824 2291 1872 2343 τοῦ

273 2363 413 2424 ιἰναλαόὼν
428 2364 473 2433 τδς
485 2364 593 2437 λοιπδς,
608 2365 779 2432 κελεύσαντος
791 2362 929 2445 βασιλέως,
941 2365 1046 2423 ἐπιπλεῖ
1098 2370 1193 2444 μικροῦ
1206 2365 1321 2445 τείχους,
1337 2363 1404 2425 άλλδι
1419 2364 1447 2423 δδ
1461 2364 1506 2424 καλ
1521 2372 1568 2424 τοῦ
1580 2365 1694 2444 μεγάλου
1713 2366 1759 2427 δύο
1772 2369 1872 2450 πύργοι

274 2457 307 2533 τῇ
327 2453 467 2534 Πριγκίπῳ
480 2451 568 2531 νήσῳ·
581 2444 613 2524 ἦν
635 2453 658 2514 δ’
673 2458 727 2514 ίκιῖ
745 2452 865 2533 φρούριον
879 2452 1044 2533 άαφοιλίστα·
1097 2453 1142 2511 καὶ
1162 2451 1373 2533 μεταπύργιον),
1398 2452 1463 2511 ἄλλο
1484 2476 1510 2510 τι
1534 2456 1673 2514 ἐπινοοῦσι·
1691 2456 1799 2535 κεραίας
1819 2483 1867 2534 με·

273 2562 333 2613 τον,
346 2540 464 2618 φυλακὴν
478 2539 538 2621 ἔχον
551 2541 622 2609 ἐντὸς
640 2541 736 2621 ἄνδρας
749 2539 950 2621 καταφράκτους
964 2538 1043 2616 τριύ-
1097 2541 1180 2617 γάλας
1204 2538 1380 2617 ἐπαγαγόντες
1396 2539 1576 2621 ἀπεσταύρουν
1590 2541 1660 2600 κατὰ
1671 2540 1705 2600 τδι
1715 2565 1869 2624 παρερρηγ·

273 2650 363 2700 κοντα,
378 2628 439 2687 ἄνευ
454 2629 572 2707 μέντοιγε
583 2632 635 2688 τῶν
650 2628 802 2708 οἰκητόρων.
844 2627 877 2706 (2)
895 2630 1045 2705 Περισταυ-
1100 2626 1165 2703 μένα
1178 2631 1225 2684 τοῦ
1236 2625 1352 2705 τείχους,
1363 2627 1433 2704 λέγω
1447 2626 1473 2685 δὲ
1481 2631 1526 2685 τοῦ
1540 2626 1625 2702 ίκτδς,
1637 2627 1873 2700 ξυνδέοντεςαύτδς

273 2713 359 2794 ρώσας
376 2707 421 2774 06
437 2714 501 2774 αθτδ
516 2716 562 2777 καί
578 2715 702 2796 μηχανάς
715 2714 893 2796 προσαγαγὼν
907 2717 945 2793 τῷ
962 2712 1044 2792 τείχει
1098 2718 1226 2796 ἰσχυρῶς·
1256 2714 1301 2772 καὶ
1333 2713 1398 2787 θλην
1421 2713 1529 2782 ταύταις
1564 2716 1706 2798 ἐπεφόρουν
1741 2724 1873 2780 παντοίαν

273 2803 407 2863 κατέσεισε
429 2801 476 2879 μέν
490 2827 516 2863 τι
535 2804 612 2884 μέρος
625 2803 716 2865 τούτου
730 2804 775 2863 καὶ
791 2804 946 2884 κατέρριψε,
962 2825 1044 2882 προσ·
1097 2802 1174 2861 λίθων
1189 2799 1235 2861 καὶ
1256 2799 1351 2873 ξύλων,
1374 2800 1502 2881 φακῶους
1515 2825 1543 2861 τε
1560 2801 1663 2883 χόρτων
1685 2808 1871 2867 παντοδαπῶν

275 2890 364 2951 ῦαλὼν
386 2891 413 2951 δὲ
437 2891 483 2951 καί
499 2894 628 2973 πειράσας
648 2893 739 2973 τρόπῳ
755 2891 835 2952 παντὶ
859 2894 906 2951 σύιι
926 2891 1043 2963 ἠδυνήθη
1097 2890 1141 2950 καί
1151 2888 1320 2967 κληματίδων
1333 2889 1379 2948 καὶ
1390 2890 1518 2967 καλάμων
1528 2890 1575 2949 καὶ
1585 2892 1672 2951 άλλων
1686 2895 1791 2952 πολλῶν
1803 2898 1875 2968 μετὰ

272 2980 344 3056 ὅμως
365 2982 448 3039 ἑλεῖν·
468 2979 541 3048 τέλος
566 2978 652 3049 ἔδοξεν
673 2984 746 3061 αὐτῷ
766 2986 820 3061 πῦρ
845 2983 983 3059 ἐπαφεῖναι
1005 2981 1043 3058 τῷ
1098 2982 1183 3052 πηλοῦ
1204 2977 1386 3062 μεμιγμένων.
1401 2977 1533 3057 φορμηδδν
1563 2978 1732 3053 ξυντιθέντες,
1757 2983 1804 3040 καὶ
1838 2984 1870 3042 τδ

275 3067 388 3148 φρουρίῳ
411 3068 456 3127 καὶ
475 3079 601 3149 πειρᾶσαι
616 3072 638 3129 εί
654 3068 772 3141 δύναιτο,
786 3069 933 3177 πγεύματος
953 3067 1044 3174 θπεφό·
1099 3066 1243 3147 σταύρωμα
1261 3068 1287 3131 ἐς
1302 3064 1366 3147 ὕψος
1387 3065 1512 3146 αἴροντες.
1556 3067 1592 3145 (6)
1606 3069 1632 3127 l]
1635 3068 1830 3148 ροκαλύμματα
1853 3072 1875 3130 δ’

278 3177 323 3233 ρου
347 3154 546 3233 ἐπιγενομένου,
569 3155 729 3236 καταφλέξαι
757 3155 829 3217 αὐτό.
872 3160 907 3232 (o)
934 3157 1043 3215 Κελεύει
1098 3179 1165 3227 ησαν
1180 3159 1212 3235 τῇ
1227 3178 1256 3213 τε
1275 3152 1325 3233 θλῃ
1339 3153 1442 3212 καί”
1405 3177 1444 3233 τῳ
1463 3152 1634 3232 σταυρώματι
1656 3156 1753 3235 δέρρεις
1769 3182 1816 3217 κει
1837 3163 1875 3220 δι·

273 3242 357 3301 τοίνυν
371 3244 497 3322 φακελους
512 3242 576 3315 θλης
590 3244 761 3314 παντοδαπῆς
774 3242 902 3318 καλάμων
915 3243 960 3302 καὶ
981 3244 1044 3314 κλη-
1098 3241 1205 3319 φθέραι,
1218 3237 1313 3316 τοῦμὴ
1328 3239 1756 3321 πυρφόροιςδϊστοῖςβλοίπτεσθαι,
1764 3244 1832 3304 Ἔτι
1847 3246 1875 3307 66

277 3328 391 3403 ματίδων
405 3352 450 3387 και
440 3328 564 3409 χόρτων
578 3329 623 3388 καί
638 3329 764 3388 άλλων’
740 3352 805 3409 ευπρ
806 3330 893 3400 ήστων
916 3330 956 3387 δτι
972 3331 1044 3388 πλεί-
1069 3287 1141 3383 ί”
1102 3332 1183 3408 χῶμα
1202 3327 1272 3436 μέγα
1294 3327 1370 3408 ἔχουν
1385 3330 1487 3388 άπὸ
1451 3351 1504 3387 των
1523 3330 1594 3397 ἐντὸς
1610 3331 1749 3391 άντίπαλοε
1768 3333 1877 3442 τρύτοες

275 3414 1045 3499 στουςτλνταχίατηννήσαντεςε’πιφσρεῖνκαίπαραόοίλλειν
1098 3421 1235 3524 προσεχῶς
1250 3412 1369 3496 βοήθειάν
1385 3421 1467 3496 τιτῷ
1487 3418 1659 3497 σταυρώματι
1674 3420 1719 3480 καὶ
1734 3421 1792 3479 ἀντὶ
1816 3423 1874 3482 τεί-

273 3525 312 3582 τῳ
292 3502 418 3582 τείχει.
436 3502 547 3562 X66'
503 3526 596 3565 τουτου
613 3504 729 3583 τάχιστα
748 3503 882 3581 γεγονότος
896 3503 940 3562 δεδι
960 3506 1043 3562 πολν-
1097 3527 1160 3583 γους
1171 3527 1237 3563 ειναι
1243 3504 1323 3581 ἅμα
1335 3504 1377 3577 δὲ
1394 3502 1438 3563 ἵνα
1452 3505 1526 3564 καὶθ
1545 3505 1637 3584 λίθος
1632 3509 1700 3566 ιεετδι
1722 3506 1874 3589 βίαςφερό·

273 3560 375 3669 χίιρίαν
392 3590 437 3649 καί
451 3613 499 3659 της
513 3590 614 3663 θληςὲς
626 3592 689 3671 ὕψος
703 3593 720 3648 6
721 3590 838 3672 ρθείσης,
855 3598 907 3673 πῦρ
930 3591 1042 3657 όπιθάλ-
1099 3614 1175 3667 μενος
1189 3591 1409 3670 καταχωννύηται
1429 3594 1553 3673 μαλθακῇ
1569 3593 1614 3652 καὶ
1630 3595 1739 3675 εύείκτῳ
1757 3598 1877 3675 προστί-

273 3681 347 3737 λουαι
370 3678 454 3758 ταύτῃ
469 3678 512 3747 ξῦν
533 3678 593 3760 θείῳ
617 3679 716 3738 καί’
685 3702 769 3759 πισσγΙ
790 3680 943 3759 άνάψαντες.
964 3678 1044 3740 ‘666'
1099 3702 1172 3738 πτων
1186 3681 1223 3759 τῇ
1236 3703 1270 3760 γῃ
1253 3678 1329 3739 ‘⁴666
1343 3678 1412 3756 μὴ’
1398 3678 1544 3748 αντιτύποις
1562 3681 1607 3740 καὶ
1620 3683 1877 3765 σκληροῖςπροσπε·

274 3764 346 3834 εὐθὺς
366 3769 381 3824 δ
383 3744 515 3847 ραξάμένη
531 3790 559 3827 τε
572 3772 620 3826 τοῦ
640 3766 737 3845 πυρὸς,
757 3765 803 3825 καί
821 3767 967 3843 πνεύματος
988 3771 1045 3827 ἐπι·
1100 3768 1187 3835 λάζων
1210 3743 1285 3847 ψηξιν
1311 3768 1391 3846 έργοίζ
1391 3790 1463 3839 ηταε.
1515 3770 1550 3846 (ε)
1579 3768 1690 3829 Ἐποίνω
1714 3771 1742 3829 66
1769 3778 1819 3832 τοῦ
1848 3798 1877 3833 τε

286 3884 1880 3909 --.-.-..-...-.-.-.-----..-.-..-,,,

276 3934 401 3983 tumculus
413 3934 445 3984 ab
456 3935 584 3999 oppidanis
595 3935 709 3985 detectus
720 3938 760 3985 ost
770 3934 828 3986 blau
840 3934 931 3985 mensis
945 3934 985 3984 dio
998 3937 1069 3994 xvi,
1082 3934 1170 3985 deindo
1185 3933 1227 3984 alii
1241 3934 1329 3984 diebus
1347 3938 1397 3985 xx.
1413 3937 1500 3985 Xblv
1516 3937 1591 3998 llxv,
1605 3940 1633 3986 ut
1654 3938 1768 4001 pluribus
1799 3954 1881 3992 ιιεεεε

274 4004 434 4069 Βσεθιιιισρ
449 4009 489 4067 40,
506 4009 546 4056 44.

305 4076 404 4125 xxxii.
420 4079 481 4135 Quae
495 4090 549 4140 cop.
563 4081 593 4126 32
607 4080 633 4126 ot
644 4081 673 4127 33
686 4077 718 4127 do
729 4076 888 4133 llooberuolis
901 4081 927 4128 ot
936 4076 1052 4141 Pultoglis
1061 4075 1245 4127 excursionibus
1255 4079 1395 4136 narrantur,
1408 4076 1508 4127 aliunde
1519 4090 1568 4126 non
1576 4090 1698 4128 novimus
1711 4082 1765 4129 seo.
1776 4083 1878 4133 Burbu-

274 4157 364 4208 rnmu.
385 4153 414 4195 22
437 4146 524 4197 classis
535 4150 672 4197 'lurcorum
685 4148 718 4198 nd
738 4148 931 4213 Diploucionium
947 4148 1005 4198 inde
1021 4147 1053 4197 ab
1071 4147 1161 4211 Aprilis
1179 4147 1219 4197 dio
1231 4146 1396 4197 duodecimn'
1390 4148 1519 4197 iunuooris
1537 4152 1606 4197 stans
1621 4149 1730 4211 quietern
1746 4151 1814 4216 egit,
1828 4154 1878 4203 uisi

275 4216 337 4266 torte
350 4217 420 4266 navis
432 4218 547 4281 qondam
558 4219 615 4268 indo
627 4219 658 4269 ud
674 4220 802 4273 nusiellum
813 4234 904 4271 novum
921 4221 978 4271 vel
971 4235 997 4270 ιιι
1012 4233 1082 4270 orum
1096 4219 1229 4270 ιωῑειθεαιιι
1245 4232 1299 4269 seso
1313 4218 1426 4269 contulit.
1437 4222 1493 4278 Quo
1504 4223 1614 4283 ternpore
1627 4223 1698 4282 gestu
1709 4223 1759 4272 sint
1780 4239 1842 4287 quae
1863 4240 1878 4274 ιι

274 4285 445 4339 critobulus.
461 4292 490 4339 32
507 4294 532 4340 ot
551 4294 580 4340 33
597 4295 736 4354 narrantur,
753 4292 846 4343 certius
864 4293 963 4356 quidem
976 4292 1025 4342 dior
1037 4293 1136 4355 nequit
1149 4305 1226 4354 quuur
1241 4305 1267 4340 ιιι
1279 4305 1334 4355 sqq
1351 4290 1460 4341 ordinem
1482 4304 1566 4340 rorurn
1578 4290 1776 4355 chronologicum
1789 4296 1879 4361 negle-

273 4358 341 4405 olum
358 4355 498 4419 ridonurus3
511 4360 635 4422 probabile
648 4363 731 4410 tumen
743 4365 780 4411 est
793 4375 808 4411 ει
820 4360 929 4425 Paltoglo
944 4375 984 4411 ros
995 4364 1077 4424 gestos
1086 4373 1140 4410 esso
1157 4364 1214 4411 oute
1224 4373 1330 4424 pugnam
1340 4360 1460 4421 noralem,
1473 4373 1549 4422 quarn
1562 4360 1636 4409 Turoi
1648 4360 1739 4424 Aprilis
1750 4362 1795 4415 dio
1805 4366 1878 4416 vioe·

274 4432 337 4483 simo
356 4446 413 4482 oum
434 4435 603 4485 Gonuonsibus
621 4436 849 4501 εοιιιιιιίεοειιιιιίν.
871 4437 965 4488 Critob.
982 4451 1036 4500 οιρ.
1056 4436 1118 4499 42),
1135 4436 1296 4487 Mecbomntis
1313 4450 1373 4487 voro
1389 4436 1566 4500 orpoditionorn
1585 4442 1725 4500 susceptum
1740 4453 1799 4491 osse
1820 4451 1880 4495 ιιιιιε

273 4503 364 4564 Aprlis
377 4501 442 4551 diem
458 4503 735 4570 duodevicesimum(v.
753 4520 808 4569 ouo.
821 4510 874 4567 33).
893 4506 950 4571 6-
964 4505 1109 4570 Θιραπςίου]
1123 4507 1242 4570 θεραπεία
1255 4519 1330 4569 supro
1348 4506 1440 4569 scripto
1452 4524 1495 4565 ου
1507 4505 1571 4555 odoo
1584 4509 1712 4555 utuomon
1731 4506 1783 4559 loci
1801 4512 1880 4568 luerit

271 4574 299 4622 τὸ
318 4576 460 4636 θεραπιῖον;
476 4573 548 4623 bodio
562 4575 679 4639 θεραπεία
691 4580 808 4634 vocotur3
821 4579 948 4640 θεραπεῖαι
962 4575 1029 4639 opud
1046 4577 1174 4627 Socratem
1190 4576 1256 4626 Hist.
1267 4576 1334 4626 Eool.
1350 4579 1374 4636 7,
1388 4583 1427 4627 25.
1440 4544 1504 4626 Οίίείι
1522 4576 1665 4640 Φαρμακεία
1677 4580 1703 4626 oi
1720 4580 1880 4642 Φαρμακοιας

272 4641 369 4698 κόλπος
383 4640 441 4691 Vid.
454 4642 555 4706 Dionys
570 4644 645 4706 Byr.
639 4659 663 4695 ιιι
677 4648 768 4709 Googr.
781 4647 841 4696 ltin
861 4649 881 4695 t.
901 4652 925 4704 2,
939 4659 964 4709 ρ.
980 4651 1020 4695 50.

305 4712 320 4776 §
340 4719 363 4763 2
384 4713 482 4776 Φρούρι
478 4732 499 4763 ν
512 4716 636 4780 Σπουδίου]
651 4716 786 4766 castollum
799 4716 880 4766 Studii
895 4716 995 4766 ubinam
1014 4716 1089 4766 buerit
1102 4716 1193 4766 nescio.
1205 4719 1242 4766 Do
1256 4716 1403 4766 monasterio
1416 4713 1510 4778 studii,
1529 4715 1597 4779 quod
1609 4716 1828 4782 Constantinopoli
1848 4723 1881 4772 ad

273 4785 371 4845 portum
380 4786 558 4846 Antoniniani,
573 4798 597 4834 ε.
611 4785 816 4849 GilliusTopogr.
831 4787 916 4836 const.
928 4785 971 4835 lib.
984 4788 1008 4848 4,
1023 4797 1045 4833 o.
1058 4789 1082 4834 3.
1097 4785 1238 4848 Duoaugius
1251 4786 1336 4835 (toust.
1356 4784 1443 4835 obrist.
1455 4783 1499 4834 lib
1514 4787 1572 4848 4ρ.
1595 4784 1719 4849 10311-
1735 4789 1778 4837 και
1799 4807 1880 4841 κατα-

273 4855 350 4902 ὶαὸὼν
356 4852 366 4916 ]
381 4851 494 4903 additum
508 4868 582 4904 uranu
591 4868 640 4905 soc.

304 4925 418 4974 xxxin.
432 4922 482 4986 ς2.
495 4924 739 4990 Περισταυρώαοις]’
719 4939 755 4975 sno
768 4939 853 4989 margo
864 4925 901 4990 (et
913 4927 991 4977 Tbuo.
1003 4933 1026 4988 2,
1037 4930 1076 4985 75,
1089 4926 1127 4989 2),
1141 4929 1298 4990 πολιορκήσας
1311 4929 1372 4977 tort.
1387 4926 1440 4991 ιΙ-
1452 4926 1879 4995 tnro6pnulodditumiumurgine.

275 4992 390 5042 (lotorum
406 4994 546 5044 conteratur
557 4995 708 5059 Thucydidis
721 5002 754 5057 (2,
769 5000 815 5046 73-
802 4999 856 5059 -77)
876 4996 907 5047 do
921 4963 1072 5048 ΡΙτῑεοιίιιιιι
1091 4996 1217 5047 obsidione
1239 4999 1362 5061 narratio,
1378 5011 1409 5048 nx
1427 5012 1478 5061 qun
1494 4998 1612 5048 nonnulla
1626 4999 1799 5051 verbotenus
1792 5017 1820 5053 ιιι
1832 5016 1881 5053 suo

274 5061 400 5112 transtulit
413 5063 564 5115 critobulus.

306 5131 1793 5216 XXXlV.§§’louonbro;]l.Del>'1666666666ii——§2.uixpo6]i.e.6666666;.lt-666666]oddm6112.
1819 5143 1877 5206 Ι]-

273 5213 364 5261 γορτων
376 5202 547 5266 παντοοαπων]
563 5216 599 5252 sic
611 5217 712 5266 margo
724 5211 801 5268 φυτῶν
790 5208 907 5256 mortun
925 5204 981 5267 ll-
949 5205 1185 5289 -μεμιγμὲνων]“
1166 5218 1279 5255 ειοιιιειι.
1294 5212 1318 5267 2,
1334 5208 1489 5270 μεμιγμένους
1500 5220 1566 5256 mun
1580 5213 1603 5257 ι.
1616 5207 1673 5271 [1-
1689 5207 1884 5276 ψθτῇτεῡλη]

273 5284 299 5317 τε
312 5280 386 5316 manu
400 5269 542 5320 militurn.
558 5270 848 5337 ΙΙ-χῶμα]ῶμει(ε“ιε)
863 5274 918 5324 cod
936 5274 987 5338 ΙΙ-
1006 5276 1128 5340 φερόμενος
1136 5274 1272 5340 ]siomgo,
1285 5275 1408 5340 ἐρχόμενος
1422 5278 1483 5327 text.
1502 5275 1554 5338 ΙΙ-
1569 5278 1784 5343 καταχωννύηται]
1799 5299 1882 5331 κατα·

274 5337 907 5402 1666cndu-uereorruscutuso.n9nz
