3890 6044
952 481 1147 543 ADDENDA.

531 705 728 766 excenr‘m
749 704 773 764 n
792 668 956 765 roureio
977 702 1028 777 nn
1047 702 1246 762 ossrmons
1266 664 1560 763 srnncusnnunss

283 864 434 942 Subjungo
451 875 587 942 excerpta
605 881 623 923 e
642 860 768 940 Polybio
789 860 825 920 de
847 861 1057 938 Syracusarum
1072 857 1245 925 obsidione,
1259 871 1320 916 tum
1341 876 1376 917 ea
1398 878 1464 936 quae
1482 859 1561 916 solus
1582 855 1674 915 codex
1692 854 1836 916 Parisinus

245 962 342 1033 hebet,
360 974 468 1022 tumea
484 980 549 1040 quse
567 959 685 1020 aliunde
700 958 746 1018 lris
760 958 910 1019 accedunt.

905 1133 1003 1193 Codex
1023 1133 1190 1217 Parisinus.

287 1312 353 1376 'Ort
367 1313 399 1387 δὴ
413 1313 460 1381 τδις
476 1309 646 1396 Συρακούσας
661 1310 807 1381 Ἐπικύδης
818 1332 847 1369 τε
858 1311 903 1369 καὶ
917 1307 1095 1389 Ἱάποκράτης
1109 1307 1254 1369 καίέλαύον
1266 1306 1373 1376 έαυτούς
1386 1329 1416 1366 τε
1426 1305 1474 1366 καί
1486 1304 1545 1373 τοῦς
1562 1306 1655 1373 ἄλλους
1669 1309 1720 1364 τῶν
1734 1305 1838 1362 πολιτῶν

246 1415 293 1484 τῆς
307 1409 451 1487 Ῥωμαίων
468 1408 555 1491 φιλίας
570 1406 845 1488 άπαλλοτριώσαντες,
864 1410 888 1465 al
904 1404 1049 1483 Ῥωμαῖοι,
1068 1404 1302 1486 προσπεπτωκυίας
1321 1405 1408 1471 αὐτοῖς
1426 1402 1478 1475 ἤδη
1501 1402 1547 1461 καί
1567 1406 1613 1474 τῆς
1627 1399 1783 1482 Ἱερωνύμου
1798 1406 1839 1459 τοῦ

247 1505 432 1588 Συρακουσίων
449 1505 574 1586 τυράννου
590 1507 787 1583 καταστροφῆς,
802 1506 911 1584 Μάρκον
924 1501 1055 1565 Κλαύδιον
1068 1503 1147 1585 (deb.
1161 1503 1273 1563 Ἄππιον
1288 1500 1432 1573 Κλαύδιον,
1450 1501 1577 1580 Appium
1597 1500 1753 1559 Claudium
1773 1499 1839 1558 Put-

247 1601 339 1684 crum)
361 1601 567 1681 ἀντιστράτηγον
586 1599 780 1675 καταστάντες,
795 1601 865 1678 αὐτῷ
886 1599 933 1676 μὲν
948 1600 996 1668 τὴν
1010 1598 1092 1672 πεζὴν
1112 1597 1274 1671 συνέστησαν
1297 1599 1421 1675 δύναμιν,
1436 1597 1480 1657 τδν
1499 1597 1527 1657 δέ
1543 1596 1634 1671 νηίτην
1654 1597 1740 1664 αύτοῖς
1757 1598 1839 1656 στύλον
1923 1658 1924 1663 ,

248 1700 437 1782 ἐπετρόπευσεν
448 1697 561 1766 Ἄππιος
577 1697 707 1766 Κλαύδιος
724 1696 802 1776 (deb.
820 1696 929 1776 Μάρκος
944 1696 1090 1775 Κλαύδιος,
1102 1697 1143 1757 Μ.
1161 1696 1303 1755 Claudius
1318 1696 1498 1774 Marcellus).

286 1818 311 1859 α.
337 1788 420 1857 θύται
435 1794 482 1870 μέν
498 1794 530 1866 δὴ
544 1792 591 1866 τὴν
607 1784 810 1873 στρατοπεδείαν
826 1791 971 1853 ἐύάλλονεο
986 1793 1078 1873 μικρὸν
1093 1793 1253 1874 ἀποσχόντες
1272 1797 1318 1865 τῆς
1336 1795 1449 1866 πολεως,
1464 1791 1511 1857 τδς
1529 1789 1557 1850 δέ
1572 1789 1722 1870 προσῦολδς
1746 1787 1840 1869 ἔκριναν

247 1898 376 1952 ποιεῖσθαι
389 1895 422 1969 τῇ
436 1890 483 1969 μέν
494 1895 561 1971 πεζῇ
575 1890 684 1969 δυνάμει
695 1889 763 1950 κατδ
774 1887 832 1956 τούς
843 1889 896 1950 άπὸ
909 1894 961 1951 τῶν
973 1889 1128 1959 Ἑξαπύλων
1138 1891 1245 1964 τόπους,
1255 1892 1286 1969 τῇ
1298 1889 1326 1948 δί
1339 1892 1449 1970 ναυτικῇ
1460 1886 1602 1968 κατδίτῇμ
1616 1886 1769 1967 ’λχραδίνης
1778 1883 1842 1945 κατά
1923 1952 1924 1957 ¹

248 1985 295 2058 nde
308 1984 441 2056 Σκυτικὴν
456 1985 716 2067 προσαγορευομένην
731 1982 827 2058 στοίιν,
842 1986 900 2046 καδ’
916 1987 949 2060 ἣν
971 1988 1012 2047 ἐπ’
1028 1991 1109 2061 αιίτῇς
1131 1970 1217 2048 κεῖται
1240 1991 1286 2058 τῇς
1307 1988 1432 2066 κρηπῖδος
1454 1985 1485 2045 τδ
1506 1987 1592 2064 τεῖχος
1611 1981 1684 2062 παρδι
1707 1981 1842 2041 θάλασσαν.

250 2082 474 2161 Ἑτοιμασάμενοι
493 2082 521 2141 δὲ
541 2081 622 2165 γέρρα
640 2082 686 2141 καί
705 2081 769 2162 βέλη
788 2081 834 2141 καί
857 2082 1168 2164 seditiosissimis
1191 2084 1358 2164 πολιορκίαν,
1374 2085 1403 2142 ού
1426 2081 1592 2165 προϊδόμενοι
1610 2078 1657 2151 τὴν
1678 2079 1842 2158 Ἀρχιμήδους
1921 2146 1924 2153 ,

155 2190 166 2199 “
249 2180 373 2259 δύναμιν,
388 2182 414 2240 ίν
428 2179 540 2258 ἡμέραις
553 2178 630 2239 πέντε
645 2177 689 2238 δεδι
701 2177 748 2248 τὴν
763 2178 932 2259 πολυχειρίαν
946 2180 1060 2253 ἤλπισαν
1075 2186 1107 2260 τῇ
1121 2184 1278 2261 παρασκευῇ
1298 2202 1401 2240 κατατα
1421 2178 1493 2251 ήσειν
1511 2175 1571 2243 τοὺς
1585 2175 1764 2242 ὑπεναντίους.
1815 2243 1830 2257 „
1923 2246 1924 2249 γ

289 2258 344 2338 (cf.
361 2266 456 2321 sinon.
475 2260 519 2317 De
534 2260 585 2318 tol.
598 2257 665 2318 obs.
680 2278 711 2336 p.
725 2258 795 2329 326,
815 2266 848 2324 ri
873 2279 880 2316 ε
906 2261 943 2319 Οἱ
954 2260 1004 2340 γδρ
1019 2258 1150 2337 Ῥωμαῖοι
1166 2263 1363 2341 πολιορκοῦντες
1382 2201 1429 2326 τίς
1444 2257 1615 2337 Συρακούσας
1638 2252 1760 2330 (Ἄππιος
1778 2252 1799 2311 δ’
1814 2257 1842 2323 ἢν

250 2355 367 2435 ἡγεμών)
382 2354 428 2414 καί
442 2358 475 2435 τῇ
490 2353 537 2430 μὲν
556 2356 621 2435 πεζῇ
633 2353 741 2429 δυνάμει
751 2350 832 2435 [κατδι
842 2352 901 2421 τούς
916 2356 969 2415 ἀπὸ
982 2361 1034 2416 τιῦν
1044 2354 1201 2426 Ἑξαπύλων
1212 2354 1321 2428 τόπους,
1332 2358 1365 2435 τῇ
1376 2352 1403 2413 δὲ
1417 2354 1526 2433 ναυτικῇ
1541 2349 1610 2411 κατδ
1624 2354 1670 2421 τῆς
1684 2347 1840 2433 Ἄχραδίνης]

250 2450 318 2512 κατδι
332 2450 380 2525 τὴν
391 2450 523 2525 Σκυτικὴν
538 2450 618 2512 στοδιν
631 2449 907 2530 προσαγορευομένην,
921 2452 978 2512 καθ’
990 2452 1023 2525 ἢν
1036 2453 1076 2513 ἐπ’
1088 2456 1169 2527 αὐτῆς
1183 2460 1269 2512 κεῖται
1282 2455 1329 2522 τῇς
1343 2451 1468 2529 κρηπῖδος
1479 2448 1509 2508 τδ
1520 2448 1606 2527 τεῖχος
1616 2444 1693 2527 παρίι
1705 2445 1841 2522 θάλασσαν,

250 2548 503 2628 περιστοιχίσαντες,
516 2546 718 2625 έτοιμασάμενοί
734 2568 762 2605 τε
778 2545 858 2626 γε’ρρα
871 2547 916 2605 καί
936 2547 1001 2625 βέλη
1021 2548 1066 2607 καλ
1080 2546 1165 2608 τάλλα
1178 2546 1212 2606 τδι
1226 2547 1290 2627 πρὸς
1307 2544 1356 2618 τὴν
1375 2544 1527 2624 πολιορκίαν
1548 2546 1575 2602 ἐν
1588 2540 1703 2624 ἡμέραις
1716 2543 1791 2602 πέντε
1804 2539 1842 2600 δεδι
1923 2540 1924 2546 ’

250 2644 298 2716 τὴν
310 2644 478 2724 πολυχειρίαν
492 2643 658 2714 κατήλπισαν
671 2642 867 2722 καταταχήσειν
881 2647 1079 2723 τῇπαρασκευῇ
1093 2642 1153 2712 τοῦς
1164 2641 1407 2720 ῦπεναντίους,[κα“ε
1416 2642 1490 2723 έργου
1505 2639 1629 2720 είχοντο],
1643 2642 1674 2702 οῦ
1685 2639 1841 2720 λογισάμενοι
1923 2637 1924 2641 ’

251 2738 298 2810 τὴν
315 2738 486 2821 Ἀρχιμήδους
507 2738 632 2816 δύναμιν,
646 2737 705 2798 etti
730 2737 914 2817 προῖδόμενοι,
932 2738 998 2797 διότι
1015 2738 1062 2815 μία
1079 2740 1151 2822 ψυχὴ
1166 2745 1212 2813 τῇς
1230 2740 1335 2813 ἁπάσης
1349 2738 1405 2798 ἐστὶ
1425 2735 1593 2818 πολυχειρίας
1607 2738 1634 2795 έν
1654 2736 1730 2806 ίνίοις
1751 2734 1848 2814 καιροῖς-

253 2836 464 2917 άνυστικωτέρα·
483 2834 552 2905 πλήν
569 2834 629 2893 τότε
646 2835 679 2893 δι’
693 2834 780 2894 αὐτῶν
794 2832 911 2912 ἔγνωσαν
925 2839 976 2895 τῶν
995 2835 1077 2917 ἔργων
1089 2837 1119 2895 τδ
1133 2837 1282 2917 λεγόμενον.

290 2931 394 2990 Suidss
412 2951 435 2992 s.
448 2951 479 2993 r.
497 2929 660 3011 ἔργολάῦοςτ
681 2930 823 2999 Πολύύιος·
840 2959 853 2984 ι
865 2934 901 2993 Oi
917 2931 943 2991 δὲ
958 2930 1090 3009 Ῥωμαῖοι
1107 2937 1304 3015 πολιορκοῦντες
1324 2930 1383 2999 τούς
1399 2929 1590 3011 Συρακουσίους
1603 2929 1680 3010 ίργου
1696 2929 1806 3010 εἴχοντο,
1816 2930 1843 2985 οῦ

250 3029 419 3106 λογισάμενοι
433 3027 481 3100 τὴν
497 3027 670 3109 Ἀρχιμήδους
683 3026 803 3105 δύναμιν.
818 3027 843 3108 ν)

291 3144 315 3187 ³.
336 3127 413 3197 Πλὴν
428 3129 442 3185 ὁ
457 3123 645 3205 προειρημένος
662 3123 728 3202 ἀνὴρ
748 3123 817 3184 κατά
836 3147 908 3194 τινας
927 3124 1022 3194 τόπους
1038 3127 1197 3207 ὡρισμένους
1217 3126 1342 3198 τοιαύτην
1357 3125 1401 3184 ἐπί
1424 3128 1470 3183 τοῦ
1489 3122 1592 3204 τείχους
1609 3121 1736 3201 ἡτοίμασε
1754 3141 1843 3197 παρα-

250 3221 360 3293 σκευὴν,
372 3219 467 3298 ὁμοίως
485 3220 512 3279 δέ
531 3220 577 3279 καί
593 3218 658 3299 πρὸς
679 3218 739 3287 τοῦς
760 3217 828 3278 κατδι
853 3219 985 3279 θάλατταν
1005 3220 1253 3301 ίπιτιορευομένους,
1272 3222 1341 3281 ὥστε
1360 3220 1440 3298 μηδέν
1460 3222 1491 3279 ίκ
1510 3224 1555 3278 τοῦ
1571 3223 1662 3301 καιροῦ
1684 3218 1844 3299 άσχολεῒσίαι
1923 3220 1924 3226 ’

250 3318 308 3383 τούς
322 3314 515 3393 άμυνομίνους,
531 3316 596 3395 πρδς
609 3324 661 3373 πᾶν
684 3316 711 3373 δέ
728 3317 756 3374 τδ
769 3316 903 3395 γινόμενον
921 3315 973 3373 ὑπὸ
986 3320 1039 3376 τῶν
1051 3318 1173 3377 ἐναντίων
1188 3318 1215 3388 l}
1236 3318 1339 3397 ἑτοίμου
1356 3320 1487 3378 ποιεῖσθαι
1505 3316 1554 3391 τὴν
1569 3315 1726 3389 ἀπάντησιν.

290 3416 400 3474 Horum
415 3415 480 3474 loco
494 3416 525 3474 in
541 3414 688 3491 Anonymi
705 3416 850 3493 excerptis
859 3415 920 3479 haec
934 3415 1023 3475 babes
1038 3438 1045 3474 :
1059 3417 1133 3487 Πλὴν
1147 3415 1207 3475 τότε
1224 3417 1258 3475 δι’
1272 3418 1357 3474 αὐτῶν
1372 3414 1487 3494 ἔγνωσαν
1497 3416 1550 3473 τῶν
1562 3412 1643 3494 ἔργων
1656 3411 1842 3489 τὸλεγόμενον.

157 3512 160 3515 ’
252 3514 341 3584 Ούσης
354 3510 405 3590 γάρ
418 3512 515 3590 ύχυρῦς
528 3514 574 3582 τῆς
591 3510 692 3576 πόλεως
706 3508 748 3568 tet
766 3509 796 3569 τὸ
810 3514 911 3571 κεῖσθαι
925 3511 1014 3592 κύκλῳ
1027 3511 1057 3571 εδ
1068 3520 1154 3591 τεῖχος
1172 3511 1217 3570 tet
1227 3511 1315 3572 τόπων
1330 3509 1489 3589 ὑπερδεξίων
1505 3509 1550 3569 καί
1561 3509 1735 3589 προκειμένης
1747 3505 1844 3587 ύρρύο6,

251 3607 315 3688 πρὸς
326 3607 358 3680 ἣν
372 3607 418 3667 καί
432 3607 543 3686 μηδενὸς
557 3606 701 3674 κωλύοντος
716 3608 764 3665 ούκ
778 3605 810 3665 δν
829 3611 949 3689 εὐμαρῶς
963 3632 1002 3676 τις
1020 3608 1126 3668 δύναιτο
1143 3608 1277 3683 πελάσαι,
1290 3609 1359 3680 πλὴν
1380 3607 1450 3666 κατά
1472 3631 1544 3674 τινας
1566 3606 1659 3673 τόπους
1677 3603 1844 3686 ὡρισμένους,

250 3704 373 3777 τοιαύτην
386 3703 514 3782 ἡτοίμασε
536 3702 707 3783 παρασκευὴν
723 3706 938 3785 ύπροειρημένος
958 3705 1024 3785 ἀνὴρ
1039 3704 1108 3772 ἐντὸς
1122 3710 1167 3777 τῆς
1180 3705 1299 3781 πόλεως,
1313 3703 1407 3781 δμοίως
1423 3704 1450 3765 δέ
1464 3703 1510 3764 καί
1525 3703 1589 3783 πρδς
1602 3703 1660 3771 τούς
1674 3701 1744 3763 κατὰ
1756 3702 1844 3761 Θάλατ-

283 3957 333 4022 §t
348 3962 409 4011 Ηεαο
420 3964 549 4023 excerptor
562 3959 746 4011 introducende
760 3962 906 4011 narrationis
917 3975 992 4012 censa
1004 3975 1035 4012 ex
1052 3962 1082 4013 iis
1094 3976 1151 4025 que
1172 3962 1349 4013 antecedebant
1367 3975 1406 4024 ep.
1420 3960 1506 4024 Polyb.
1524 3960 1588 4011 male
1608 3959 1734 4010 conflavit.
1749 3956 1847 4022 Appium
1923 3984 1924 3991 ι

253 4028 322 4079 rides
333 4029 448 4079 condendi
466 4041 524 4078 cum
542 4029 666 4079 Marcello.
679 4031 795 4080 ceterum
807 4033 939 4094 antequam
951 4031 1083 4082 Marcellus
1103 4032 1187 4082 consul
1198 4032 1224 4080 in
1235 4031 1342 4081 Siciliam
1362 4031 1471 4084 reniret.
1483 4029 1560 4093 copiis
1580 4032 1747 4080 Romanorum
1759 4023 1849 4091 preltdt
1923 4072 1924 4075 ,

252 4096 345 4162 Appius
356 4097 486 4158 Claudius,
500 4098 544 4161 qui
558 4097 628 4148 initio
640 4099 762 4150 tumuitus
772 4100 919 4161 syracusani
934 4099 966 4149 sd
976 4100 1123 4163 Murgantiae
1142 4102 1268 4163 regionem
1288 4101 1397 4151 classem
1407 4103 1521 4150 nostum
1533 4101 1638 4150 centum
1654 4096 1770 4149 babebat
1778 4100 1848 4160 atquo

252 4182 282 4220 eo
296 4169 422 4219 venientes
434 4168 528 4231 legatos
548 4171 713 4232 Syracusanos
731 4171 767 4222 od
788 4172 962 4235 Marcellum,
980 4174 1127 4223 contentam
1145 4174 1174 4222 to
1192 4173 1329 4232 Siciliam,
1343 4172 1412 4222 misit
1428 4170 1492 4235 (Lis.
1510 4174 1549 4232 24,
1573 4171 1622 4233 27).
1637 4169 1708 4221 Idem
1724 4168 1834 4231 deinceps
1840 4198 1849 4226 .
1923 4204 1924 4209 ι

252 4252 339 4291 vuum
357 4242 487 4302 antequam
502 4239 628 4292 obsidione
637 4243 764 4306 Syracuse
777 4242 942 4305 cingerentur,
955 4244 1017 4293 onte
1030 4247 1124 4295 ostium
1135 4246 1231 4306 portus
1239 4245 1399 4307 syracusani
1411 4255 1494 4293 noves
1507 4244 1535 4292 in
1547 4241 1659 4292 statione
1671 4241 1770 4293 babere
1778 4237 1849 4299 copti
1923 4234 1924 4237 ’

253 4311 315 4364 (biv.
331 4309 349 4361 l.
362 4309 400 4371 1.).
416 4313 477 4361 Hoc
487 4311 562 4375 igitur
575 4324 653 4375 quum
670 4313 695 4363 in
710 4318 805 4365 anteco.
817 4313 951 4378 Polybius,
964 4327 995 4364 ex
1008 4328 1059 4378 quo
1072 4314 1164 4378 pendet
1174 4314 1271 4373 Livius,
1285 4328 1399 4366 narrasse
1412 4314 1515 4373 debeat,
1530 4310 1599 4363 lecile
1611 4311 1665 4362 lieri
1681 4311 1761 4377 potuit
1771 4312 1800 4359 ut
1811 4308 1848 4358 in·
1923 4312 1924 4315 ’

251 4384 360 4431 attentus
370 4384 498 4444 excerptor
505 4380 610 4444 Appium
621 4383 645 4432 in
655 4383 707 4447 ipss
718 4398 815 4448 quoque
823 4384 892 4435 urbis
902 4383 1028 4435 obsidione
1037 4385 1123 4435 clessis
1131 4384 1276 4449 preelectum
1291 4386 1366 4438 luisse
1377 4385 1477 4436 diceret.
1486 4383 1597 4434 Eundem
1614 4396 1724 4433 errorem
1737 4384 1762 4432 in
1775 4381 1848 4444 ipsam

250 4450 346 4514 Polybil
352 4451 516 4500 narrationem
524 4451 538 4513 §
546 4453 562 4500 t
570 4453 596 4501 et
607 4458 621 4501 6
632 4452 747 4503 librarius
759 4454 851 4505 codicis
863 4454 966 4504 Parisini
980 4454 1076 4514 intulit,
1090 4454 1134 4504 sed
1147 4454 1236 4504 vitavit
1248 4454 1262 4520 §
1274 4460 1310 4505 to.
1324 4456 1335 4520 ΙΙ
1349 4483 1376 4494 ·-
1389 4450 1629 4519 ἀπαλλοτμώσαντες]
1638 4452 1675 4503 sic
1686 4445 1847 4517 apographum
1923 4500 1924 4505 ,

250 4519 449 4581 numerianum,
462 4520 657 4585 ἀλλοτριώσαντες
672 4524 802 4575 Wcscher.
817 4522 880 4575 Vide
892 4524 1012 4575 codicem.
1923 4510 1924 4579 ί

281 4591 331 4655 §2
346 4593 414 4642 Κατὰ
429 4597 470 4651 τῆς
486 4590 628 4658 Ἀχραδίυης]
644 4594 848 4660 κατασαχρσδίνης
865 4595 931 4656 cod.;
952 4608 997 4647 em
1011 4594 1141 4646 Wescher.
1154 4597 1211 4659 lpse
1226 4595 1340 4659 Polybius
1359 4594 1425 4647 istud
1443 4595 1505 4645 κατὰ
1519 4600 1560 4652 τῆς
1573 4594 1606 4644 Ἆ.
1622 4592 1683 4642 κατὰ
1696 4592 1738 4651 τὴν
1753 4594 1801 4640 etc.
1812 4585 1848 4636 vir
1923 4628 1924 4665 γ

251 4662 384 4725 scripserit.
395 4687 426 4699 -
438 4661 560 4726 σκοπιήν]
569 4666 682 4723 mensis
694 4666 788 4728 absque
804 4677 878 4715 causa
891 4664 980 4715 idonea
993 4664 1091 4730 scripsit
1106 4665 1257 4730 wesseling,
1269 4666 1387 4717 iibmmm
1405 4665 1552 4728 scripturam
1569 4666 1636 4714 reete
1648 4662 1779 4712 servarunt
1788 4656 1847 4708 Din-
1923 4692 1924 4699 ι

251 4732 305 4781 dori
320 4732 344 4781 in
358 4733 451 4795 Polybii
464 4733 523 4785 edit.
538 4733 603 4797 Lips.
622 4740 690 4796 1666,
703 4736 746 4787 lib.
761 4738 827 4795 vill,
841 4741 864 4795 5,
876 4742 890 4787 2
902 4738 927 4786 et
941 4735 1098 4786 Wcscberin
1113 4741 1199 4787 Pecus
1210 4736 1327 4787 Arcbdol.
1343 4741 1410 4799 1669,
1423 4749 1447 4801 p.
1461 4737 1499 4786 56.
1512 4761 1544 4772 -
1555 4732 1675 4795 subjunxi
1693 4744 1750 4795 qus
1768 4730 1848 4779 nostro
1923 4792 1924 4797 γ

251 4802 353 4865 segmini
372 4802 523 4866 respondent
541 4804 567 4855 in
586 4810 728 4870 anonymo,
745 4820 819 4870 quem
834 4806 911 4856 babes
931 4806 956 4856 in
975 4805 1048 4857 editis
1060 4806 1146 4869 Polyb.
1159 4808 1225 4868 vili,
1237 4821 1259 4858 c.
1273 4815 1296 4859 6.
1309 4808 1414 4872 Liquido
1426 4811 1495 4872 patet
1516 4808 1647 4869 excerpta,
1662 4817 1693 4854 ex
1707 4802 1850 4865 quibussut

252 4876 392 4952 Anonymus
405 4872 536 4935 delibavit,
547 4873 663 4925 uberiore
675 4877 750 4927 tuisse
763 4880 789 4929 et
800 4877 884 4941 (modo
897 4877 1082 4929 elibrariorum
1096 4876 1241 4941 sphalmatis
1254 4878 1405 4939 discesseris)
1420 4878 1451 4928 ant
1465 4875 1625 4940 Polybianum
1643 4885 1781 4923 sermonem
1794 4878 1849 4933 pro·

252 4955 308 5004 prus
321 4943 452 4993 accessisse
469 4942 500 4995 iis
516 4956 573 5006 quc
584 4944 661 4995 codex
675 4946 800 4997 Parisinus
810 4946 893 4997 habet.
909 4947 990 4997 Prima
1001 4948 1079 4998 verbs
1092 4961 1131 5011 ap.
1142 4945 1269 4999 Therenot
1280 4949 1314 4999 ita
1325 4949 1415 4999 babent
1427 4966 1434 4997 ι
1446 4948 1549 5011 τῶνγὰρ
1562 4943 1687 5007 Ῥωμαίων
1698 4974 1727 4995 ...
1737 4952 1850 5004 περιστοι·
1923 4956 1924 4959 ’

253 5013 358 5074 χίσαντες
371 5015 568 5078 ίτοιμιισομὲνων.
580 5016 677 5067 inclusa
690 5017 774 5067 addidi
786 5030 816 5067 er
828 5017 891 5067 libro
903 5018 1021 5069 Parisino.
1034 5021 1132 5068 Lacuna
1143 5019 1287 5082 imputanda
1298 5019 1397 5071 librario
1409 5019 1452 5082 qui
1463 5032 1478 5069 a
1490 5030 1552 5069 voce
1565 5017 1627 5067 κατὰ
1637 5014 1669 5065 ed
1679 5013 1781 5065 alteram
1790 5006 1848 5060 κασᾶ

252 5082 374 5133 transiliit.
387 5084 481 5135 Deinde
492 5098 507 5135 e
518 5086 594 5137 Suids
605 5086 698 5137 inserui
708 5087 785 5138 rerba
798 5089 838 5138 ssi
851 5088 920 5151 ίργου
935 5086 1035 5152 εῐχοντο.

189 5166 197 5177 '
282 5160 332 5224 §t.
347 5162 406 5211 Ηαοο
419 5175 517 5227 quoque
530 5165 669 5216 accuratius
690 5167 716 5217 et
735 5165 831 5231 plenius
849 5165 965 5217 exhibent
978 5170 1095 5231 excerpta
1117 5164 1245 5229 Anonymi.
1259 5162 1297 5213 ct.
1310 5161 1394 5213 Livius
1407 5161 1445 5220 24,
1459 5160 1632 5211 struerem
1652 5166 1701 5219 per
1714 5147 1850 5215 impedies

252 5232 361 5282 ductum
372 5233 450 5283 eolles
463 5233 601 5299 (pleraque
616 5236 674 5287 cllo
688 5239 714 5287 et
727 5235 851 5301 difficilia
863 5237 954 5296 odito,
969 5238 1098 5288 submisso
1117 5237 1240 5302 quosdam
1251 5237 1277 5286 et
1288 5246 1346 5299 quae
1357 5231 1448 5292 pionis
1469 5228 1582 5281 voltibus
1595 5226 1666 5279 adiri
1680 5220 1810 5291 pmii·
1822 5217 1850 5265 ¹¹⁸

251 5305 345 5367 coique
357 5304 442 5354 cisum
454 5307 492 5355 est
501 5306 572 5366 loco,
587 5307 625 5357 tto
636 5309 709 5357 oront
720 5316 814 5365 αειεεεα
823 5308 1013 5359 tormentomm
1026 5309 1161 5360 instructi.
