<?xml version="1.0" encoding="UTF-8"?>
<!DOCTYPE html PUBLIC "-//W3C//DTD XHTML 1.0 Transitional//EN"
    "http://www.w3.org/TR/xhtml1/DTD/xhtml1-transitional.dtd">
<html xmlns="http://www.w3.org/1999/xhtml" xml:lang="en" lang="en">
 <head>
  <title>
</title>
<meta http-equiv="Content-Type" content="text/html;charset=utf-8" />
  <meta name='ocr-system' content='tesseract 3.04.00' />
  <meta name='ocr-capabilities' content='ocr_page ocr_carea ocr_par ocr_line ocrx_word'/>
</head>
<body>
  <div class='ocr_page' id='page_1' title='image "./fragmentahistor00jeagoog/fragmentahistor00jeagoog_0025.png"; bbox 0 0 3890 6044; ppageno 0'>
   <div class='ocr_carea' id='block_1_1' title="bbox 239 526 1197 625">
    <p class='ocr_par' dir='ltr' id='par_1_1' title="bbox 239 526 1197 625">
     <span class='ocr_line' id='line_1_1' title="bbox 239 526 1197 625; baseline 0 -38"><span class='ocrx_word' id='word_1_1' title='bbox 239 544 287 625; x_wconf 73' lang='lat' dir='ltr'>xvj</span> <span class='ocrx_word' id='word_1_2' title='bbox 899 526 1197 589; x_wconf 79' lang='lat' dir='ltr'>raomaonnm.</span> 
     </span>
    </p>
   </div>
   <div class='ocr_carea' id='block_1_2' title="bbox 239 659 1853 949">
    <p class='ocr_par' dir='ltr' id='par_1_2' title="bbox 239 659 1853 949">
     <span class='ocr_line' id='line_1_2' title="bbox 239 659 1851 751; baseline -0.011 -14"><span class='ocrx_word' id='word_1_3' title='bbox 239 680 266 737; x_wconf 81' lang='lat' dir='ltr'>iv</span> <span class='ocrx_word' id='word_1_4' title='bbox 279 673 357 735; x_wconf 77' lang='lat' dir='ltr'>atvar</span> <span class='ocrx_word' id='word_1_5' title='bbox 380 672 504 751; x_wconf 78' lang='grc' dir='ltr'>τμήμασι</span> <span class='ocrx_word' id='word_1_6' title='bbox 528 665 618 729; x_wconf 79' lang='grc' dir='ltr'>διελών</span> <span class='ocrx_word' id='word_1_7' title='bbox 641 680 670 726; x_wconf 89' lang='lat' dir='ltr'>et</span> <span class='ocrx_word' id='word_1_8' title='bbox 685 668 701 744; x_wconf 89' lang='lat'>§</span> <span class='ocrx_word' id='word_1_9' title='bbox 719 666 753 723; x_wconf 82' lang='lat'>13</span> <span class='ocrx_word' id='word_1_10' title='bbox 769 662 815 723; x_wconf 78' lang='grc' dir='ltr'>καὶ</span> <span class='ocrx_word' id='word_1_11' title='bbox 836 661 977 740; x_wconf 79' lang='grc' dir='ltr'>νεωρίων),</span> <span class='ocrx_word' id='word_1_12' title='bbox 991 662 1113 721; x_wconf 81' lang='lat' dir='ltr'>alterum</span> <span class='ocrx_word' id='word_1_13' title='bbox 1135 660 1266 739; x_wconf 86' lang='lat' dir='ltr'>epistolae</span> <span class='ocrx_word' id='word_1_14' title='bbox 1290 661 1439 739; x_wconf 86' lang='lat' dir='ltr'>exemplar</span> <span class='ocrx_word' id='word_1_15' title='bbox 1461 662 1493 719; x_wconf 93' lang='lat' dir='ltr'>in</span> <span class='ocrx_word' id='word_1_16' title='bbox 1519 672 1656 720; x_wconf 83' lang='lat' dir='ltr'>contextu</span> <span class='ocrx_word' id='word_1_17' title='bbox 1684 659 1851 719; x_wconf 86' lang='lat' dir='ltr'>verborum</span> 
     </span>
     <span class='ocr_line' id='line_1_3' title="bbox 242 756 1853 846; baseline -0.011 -14"><span class='ocrx_word' id='word_1_18' title='bbox 242 773 345 845; x_wconf 80' lang='lat' dir='ltr'>bubet3</span> <span class='ocrx_word' id='word_1_19' title='bbox 366 790 404 831; x_wconf 91' lang='lat' dir='ltr'>ne</span> <span class='ocrx_word' id='word_1_20' title='bbox 423 784 519 829; x_wconf 89' lang='lat' dir='ltr'>tamen</span> <span class='ocrx_word' id='word_1_21' title='bbox 540 779 675 846; x_wconf 89' lang='lat' dir='ltr'>putemus</span> <span class='ocrx_word' id='word_1_22' title='bbox 698 763 730 821; x_wconf 93' lang='lat' dir='ltr'>id</span> <span class='ocrx_word' id='word_1_23' title='bbox 756 780 819 821; x_wconf 91' lang='lat' dir='ltr'>esse</span> <span class='ocrx_word' id='word_1_24' title='bbox 838 759 904 838; x_wconf 91' lang='lat' dir='ltr'>ejus</span> <span class='ocrx_word' id='word_1_25' title='bbox 925 759 1122 817; x_wconf 80' lang='lat' dir='ltr'>Historiarum</span> <span class='ocrx_word' id='word_1_26' title='bbox 1146 757 1343 829; x_wconf 81' lang='lat' dir='ltr'>recensionis,</span> <span class='ocrx_word' id='word_1_27' title='bbox 1359 756 1444 834; x_wconf 90' lang='lat' dir='ltr'>cujus</span> <span class='ocrx_word' id='word_1_28' title='bbox 1462 759 1561 816; x_wconf 91' lang='lat' dir='ltr'>varias</span> <span class='ocrx_word' id='word_1_29' title='bbox 1585 758 1725 817; x_wconf 87' lang='lat' dir='ltr'>lectiones</span> <span class='ocrx_word' id='word_1_30' title='bbox 1748 777 1853 834; x_wconf 79' lang='lat' dir='ltr'>margo</span> 
     </span>
     <span class='ocr_line' id='line_1_4' title="bbox 242 855 1755 949; baseline -0.011 -18"><span class='ocrx_word' id='word_1_31' title='bbox 242 883 343 931; x_wconf 90' lang='lat' dir='ltr'>nostra</span> <span class='ocrx_word' id='word_1_32' title='bbox 354 867 482 949; x_wconf 74' lang='lat' dir='ltr'>praebet,</span> <span class='ocrx_word' id='word_1_33' title='bbox 497 865 613 941; x_wconf 90' lang='lat' dir='ltr'>reliquo</span> <span class='ocrx_word' id='word_1_34' title='bbox 625 862 777 932; x_wconf 79' lang='lat' dir='ltr'>dissensu,</span> <span class='ocrx_word' id='word_1_35' title='bbox 793 877 879 935; x_wconf 89' lang='lat' dir='ltr'>quern</span> <span class='ocrx_word' id='word_1_36' title='bbox 894 858 926 916; x_wconf 92' lang='lat' dir='ltr'>in</span> <span class='ocrx_word' id='word_1_37' title='bbox 940 856 1127 914; x_wconf 78' lang='lat' dir='ltr'>annotatione</span> <span class='ocrx_word' id='word_1_38' title='bbox 1140 855 1331 932; x_wconf 82' lang='lat' dir='ltr'>consignavi,</span> <span class='ocrx_word' id='word_1_39' title='bbox 1348 855 1536 933; x_wconf 87' lang='lat' dir='ltr'>impedimur.</span> <span class='ocrx_word' id='word_1_40' title='bbox 1752 863 1755 867; x_wconf 83' lang='grc'>’</span> 
     </span>
    </p>
   </div>
   <div class='ocr_carea' id='block_1_3' title="bbox 772 1029 1310 1093">
    <p class='ocr_par' dir='ltr' id='par_1_3' title="bbox 772 1029 1310 1093">
     <span class='ocr_line' id='line_1_5' title="bbox 772 1029 1310 1093; baseline 0.004 -3"><span class='ocrx_word' id='word_1_41' title='bbox 772 1033 819 1092; x_wconf 87' lang='lat' dir='ltr'>lv.</span> <span class='ocrx_word' id='word_1_42' title='bbox 840 1031 969 1092; x_wconf 80' lang='lat' dir='ltr'>CODEX</span> <span class='ocrx_word' id='word_1_43' title='bbox 990 1029 1146 1093; x_wconf 78' lang='lat' dir='ltr'>a&#39;tttotts</span> <span class='ocrx_word' id='word_1_44' title='bbox 1166 1029 1310 1092; x_wconf 89' lang='lat' dir='ltr'>PHOTll.</span> 
     </span>
    </p>
   </div>
   <div class='ocr_carea' id='block_1_4' title="bbox 210 1204 1857 1488">
    <p class='ocr_par' dir='ltr' id='par_1_4' title="bbox 210 1204 1857 1488">
     <span class='ocr_line' id='line_1_6' title="bbox 281 1204 1853 1286; baseline -0.008 -9"><span class='ocrx_word' id='word_1_45' title='bbox 281 1221 325 1277; x_wconf 87' lang='lat' dir='ltr'>De</span> <span class='ocrx_word' id='word_1_46' title='bbox 340 1219 437 1277; x_wconf 90' lang='lat' dir='ltr'>Photii</span> <span class='ocrx_word' id='word_1_47' title='bbox 457 1217 557 1275; x_wconf 89' lang='lat' dir='ltr'>codice</span> <span class='ocrx_word' id='word_1_48' title='bbox 571 1215 741 1286; x_wconf 89' lang='lat' dir='ltr'>chartaceo,</span> <span class='ocrx_word' id='word_1_49' title='bbox 757 1212 859 1270; x_wconf 86' lang='lat' dir='ltr'>lormae</span> <span class='ocrx_word' id='word_1_50' title='bbox 879 1212 1025 1283; x_wconf 74' lang='lat' dir='ltr'>inanimae,</span> <span class='ocrx_word' id='word_1_51' title='bbox 1039 1229 1102 1268; x_wconf 87' lang='lat' dir='ltr'>saec.</span> <span class='ocrx_word' id='word_1_52' title='bbox 1117 1208 1208 1284; x_wconf 84' lang='lat' dir='ltr'>XVll,</span> <span class='ocrx_word' id='word_1_53' title='bbox 1223 1209 1277 1286; x_wconf 77' lang='lat' dir='ltr'>qui</span> <span class='ocrx_word' id='word_1_54' title='bbox 1294 1209 1326 1266; x_wconf 93' lang='lat' dir='ltr'>in</span> <span class='ocrx_word' id='word_1_55' title='bbox 1349 1207 1444 1266; x_wconf 85' lang='lat' dir='ltr'>tlthoo</span> <span class='ocrx_word' id='word_1_56' title='bbox 1468 1209 1519 1265; x_wconf 80' lang='grc' dir='ltr'>τῶν</span> <span class='ocrx_word' id='word_1_57' title='bbox 1534 1204 1645 1286; x_wconf 76' lang='grc' dir='ltr'>Ἰὸήρων</span> <span class='ocrx_word' id='word_1_58' title='bbox 1667 1207 1853 1265; x_wconf 86' lang='lat' dir='ltr'>monasterio</span> 
     </span>
     <span class='ocr_line' id='line_1_7' title="bbox 243 1304 1857 1390; baseline -0.009 -13"><span class='ocrx_word' id='word_1_59' title='bbox 243 1331 416 1385; x_wconf 76' lang='lat' dir='ltr'>asservatur,</span> <span class='ocrx_word' id='word_1_60' title='bbox 438 1314 511 1373; x_wconf 91' lang='lat' dir='ltr'>nibil</span> <span class='ocrx_word' id='word_1_61' title='bbox 533 1333 587 1389; x_wconf 82' lang='lat' dir='ltr'>ego</span> <span class='ocrx_word' id='word_1_62' title='bbox 607 1312 679 1370; x_wconf 91' lang='lat' dir='ltr'>novi</span> <span class='ocrx_word' id='word_1_63' title='bbox 694 1323 800 1390; x_wconf 82' lang='lat' dir='ltr'>praeter</span> <span class='ocrx_word' id='word_1_64' title='bbox 820 1328 938 1385; x_wconf 89' lang='lat' dir='ltr'>eaquae</span> <span class='ocrx_word' id='word_1_65' title='bbox 961 1308 993 1365; x_wconf 95' lang='lat' dir='ltr'>in</span> <span class='ocrx_word' id='word_1_66' title='bbox 1019 1305 1208 1364; x_wconf 81' lang='lat' dir='ltr'>annotatione</span> <span class='ocrx_word' id='word_1_67' title='bbox 1225 1325 1254 1382; x_wconf 88' lang='lat' dir='ltr'>p.</span> <span class='ocrx_word' id='word_1_68' title='bbox 1275 1307 1329 1362; x_wconf 80' lang='lat'>162</span> <span class='ocrx_word' id='word_1_69' title='bbox 1350 1305 1444 1365; x_wconf 87' lang='lat' dir='ltr'>attuli.</span> <span class='ocrx_word' id='word_1_70' title='bbox 1461 1305 1514 1363; x_wconf 87' lang='lat' dir='ltr'>llis</span> <span class='ocrx_word' id='word_1_71' title='bbox 1534 1324 1613 1363; x_wconf 90' lang='lat' dir='ltr'>nunc</span> <span class='ocrx_word' id='word_1_72' title='bbox 1631 1304 1739 1362; x_wconf 85' lang='lat' dir='ltr'>addere</span> <span class='ocrx_word' id='word_1_73' title='bbox 1762 1304 1857 1362; x_wconf 85' lang='lat' dir='ltr'>liceat</span> 
     </span>
     <span class='ocr_line' id='line_1_8' title="bbox 210 1400 1856 1488; baseline -0.009 -14"><span class='ocrx_word' id='word_1_74' title='bbox 210 1456 217 1465; x_wconf 88' lang='lat'>-</span> <span class='ocrx_word' id='word_1_75' title='bbox 243 1414 387 1474; x_wconf 85' lang='lat' dir='ltr'>nonnulla</span> <span class='ocrx_word' id='word_1_76' title='bbox 399 1431 501 1471; x_wconf 86' lang='lat' dir='ltr'>eorum</span> <span class='ocrx_word' id='word_1_77' title='bbox 517 1430 582 1488; x_wconf 86' lang='lat' dir='ltr'>qaae</span> <span class='ocrx_word' id='word_1_78' title='bbox 594 1407 756 1487; x_wconf 87' lang='lat' dir='ltr'>disputarit</span> <span class='ocrx_word' id='word_1_79' title='bbox 770 1408 917 1483; x_wconf 74' lang='lat' dir='ltr'>Augustus</span> <span class='ocrx_word' id='word_1_80' title='bbox 931 1405 1030 1465; x_wconf 85' lang='lat' dir='ltr'>Nauck</span> <span class='ocrx_word' id='word_1_81' title='bbox 1044 1405 1076 1462; x_wconf 92' lang='lat' dir='ltr'>in</span> <span class='ocrx_word' id='word_1_82' title='bbox 1091 1403 1238 1480; x_wconf 86' lang='lat' dir='ltr'>prooemio</span> <span class='ocrx_word' id='word_1_83' title='bbox 1256 1402 1397 1460; x_wconf 82' lang='lat' dir='ltr'>editionis</span> <span class='ocrx_word' id='word_1_84' title='bbox 1416 1400 1516 1460; x_wconf 80' lang='lat' dir='ltr'>Leaici</span> <span class='ocrx_word' id='word_1_85' title='bbox 1530 1400 1764 1461; x_wconf 90' lang='lat' dir='ltr'>Vindobonensis</span> <span class='ocrx_word' id='word_1_86' title='bbox 1782 1401 1856 1479; x_wconf 74' lang='lat' dir='ltr'>(Pe-</span> 
     </span>
    </p>
   </div>
   <div class='ocr_carea' id='block_1_5' title="bbox 244 1505 669 1591">
    <p class='ocr_par' dir='ltr' id='par_1_5' title="bbox 244 1505 669 1591">
     <span class='ocr_line' id='line_1_9' title="bbox 244 1505 669 1591; baseline -0.014 -20"><span class='ocrx_word' id='word_1_87' title='bbox 244 1513 353 1591; x_wconf 90' lang='lat' dir='ltr'>tropoli</span> <span class='ocrx_word' id='word_1_88' title='bbox 373 1512 459 1583; x_wconf 83' lang='lat'>1867.</span> <span class='ocrx_word' id='word_1_89' title='bbox 474 1511 501 1586; x_wconf 81' lang='lat'>8)</span> <span class='ocrx_word' id='word_1_90' title='bbox 520 1529 548 1586; x_wconf 89' lang='lat' dir='ltr'>p.</span> <span class='ocrx_word' id='word_1_91' title='bbox 560 1505 669 1565; x_wconf 84' lang='lat' dir='ltr'>Xlllll.</span> 
     </span>
    </p>
   </div>
   <div class='ocr_carea' id='block_1_6' title="bbox 285 1588 1932 1683">
    <p class='ocr_par' dir='ltr' id='par_1_6' title="bbox 285 1588 1932 1683">
     <span class='ocr_line' id='line_1_10' title="bbox 285 1588 1932 1683; baseline -0.007 -17"><span class='ocrx_word' id='word_1_92' title='bbox 285 1637 298 1666; x_wconf 83' lang='grc' dir='ltr'>ι</span> <span class='ocrx_word' id='word_1_93' title='bbox 321 1608 438 1679; x_wconf 89' lang='lat' dir='ltr'>Photii,</span> <span class='ocrx_word' id='word_1_94' title='bbox 453 1607 566 1683; x_wconf 90' lang='lat' dir='ltr'>inquit,</span> <span class='ocrx_word' id='word_1_95' title='bbox 583 1606 618 1670; x_wconf 81' lang='grc' dir='ltr'>εἰς</span> <span class='ocrx_word' id='word_1_96' title='bbox 632 1603 681 1675; x_wconf 69' lang='grc' dir='ltr'>τὴν</span> <span class='ocrx_word' id='word_1_97' title='bbox 694 1604 744 1660; x_wconf 82' lang='grc' dir='ltr'>τῶν</span> <span class='ocrx_word' id='word_1_98' title='bbox 760 1588 830 1666; x_wconf 76' lang='grc' dir='ltr'>Ῥὼς</span> <span class='ocrx_word' id='word_1_99' title='bbox 851 1598 1048 1675; x_wconf 67' lang='lat' dir='ltr'>indiamquae</span> <span class='ocrx_word' id='word_1_100' title='bbox 1061 1616 1139 1653; x_wconf 92' lang='lat' dir='ltr'>nunc</span> <span class='ocrx_word' id='word_1_101' title='bbox 1151 1595 1278 1673; x_wconf 88' lang='lat' dir='ltr'>primum</span> <span class='ocrx_word' id='word_1_102' title='bbox 1295 1596 1416 1672; x_wconf 86' lang='lat' dir='ltr'>integrae</span> <span class='ocrx_word' id='word_1_103' title='bbox 1436 1594 1553 1654; x_wconf 90' lang='lat' dir='ltr'>anobis</span> <span class='ocrx_word' id='word_1_104' title='bbox 1568 1595 1707 1670; x_wconf 88' lang='lat' dir='ltr'>eduntur,</span> <span class='ocrx_word' id='word_1_105' title='bbox 1722 1609 1858 1674; x_wconf 84' lang='lat' dir='ltr'>spectant</span> <span class='ocrx_word' id='word_1_106' title='bbox 1931 1650 1932 1671; x_wconf 65' lang='lat'>,</span> 
     </span>
    </p>
   </div>
   <div class='ocr_carea' id='block_1_7' title="bbox 243 1691 1860 1972">
    <p class='ocr_par' dir='ltr' id='par_1_7' title="bbox 243 1691 1860 1972">
     <span class='ocr_line' id='line_1_11' title="bbox 243 1691 1859 1773; baseline -0.009 -7"><span class='ocrx_word' id='word_1_107' title='bbox 243 1708 279 1765; x_wconf 87' lang='lat' dir='ltr'>ad</span> <span class='ocrx_word' id='word_1_108' title='bbox 295 1706 454 1773; x_wconf 83' lang='lat' dir='ltr'>llossorum</span> <span class='ocrx_word' id='word_1_109' title='bbox 468 1703 666 1761; x_wconf 86' lang='lat' dir='ltr'>incursionem</span> <span class='ocrx_word' id='word_1_110' title='bbox 681 1695 1032 1773; x_wconf 75' lang='lat' dir='ltr'>constantinopolitanam</span> <span class='ocrx_word' id='word_1_111' title='bbox 1051 1712 1127 1752; x_wconf 89' lang='lat' dir='ltr'>anno</span> <span class='ocrx_word' id='word_1_112' title='bbox 1140 1692 1197 1748; x_wconf 83' lang='lat'>865</span> <span class='ocrx_word' id='word_1_113' title='bbox 1215 1691 1316 1749; x_wconf 87' lang='lat' dir='ltr'>tactam</span> <span class='ocrx_word' id='word_1_114' title='bbox 1329 1734 1337 1763; x_wconf 95' lang='lat'>,</span> <span class='ocrx_word' id='word_1_115' title='bbox 1351 1691 1387 1749; x_wconf 92' lang='lat' dir='ltr'>de</span> <span class='ocrx_word' id='word_1_116' title='bbox 1401 1711 1460 1769; x_wconf 92' lang='lat' dir='ltr'>qua</span> <span class='ocrx_word' id='word_1_117' title='bbox 1474 1710 1565 1768; x_wconf 85' lang='lat' dir='ltr'>quaee</span> <span class='ocrx_word' id='word_1_118' title='bbox 1578 1694 1679 1768; x_wconf 77' lang='lat' dir='ltr'>graecis</span> <span class='ocrx_word' id='word_1_119' title='bbox 1695 1705 1724 1750; x_wconf 88' lang='lat' dir='ltr'>et</span> <span class='ocrx_word' id='word_1_120' title='bbox 1733 1692 1859 1752; x_wconf 85' lang='lat' dir='ltr'>slavicis</span> 
     </span>
     <span class='ocr_line' id='line_1_12' title="bbox 244 1788 1860 1881; baseline -0.009 -18"><span class='ocrx_word' id='word_1_121' title='bbox 244 1800 443 1881; x_wconf 82' lang='lat' dir='ltr'>scriptoribus</span> <span class='ocrx_word' id='word_1_122' title='bbox 454 1799 560 1857; x_wconf 89' lang='lat' dir='ltr'>tradita</span> <span class='ocrx_word' id='word_1_123' title='bbox 574 1809 657 1868; x_wconf 91' lang='lat' dir='ltr'>sunt,</span> <span class='ocrx_word' id='word_1_124' title='bbox 673 1795 786 1854; x_wconf 88' lang='lat' dir='ltr'>tametsi</span> <span class='ocrx_word' id='word_1_125' title='bbox 800 1792 971 1851; x_wconf 89' lang='lat' dir='ltr'>discordant</span> <span class='ocrx_word' id='word_1_126' title='bbox 981 1791 1057 1848; x_wconf 89' lang='lat' dir='ltr'>inter</span> <span class='ocrx_word' id='word_1_127' title='bbox 1069 1809 1099 1848; x_wconf 89' lang='lat' dir='ltr'>se</span> <span class='ocrx_word' id='word_1_128' title='bbox 1114 1788 1256 1865; x_wconf 88' lang='lat' dir='ltr'>nequead</span> <span class='ocrx_word' id='word_1_129' title='bbox 1269 1801 1432 1846; x_wconf 83' lang='lat' dir='ltr'>accuratam</span> <span class='ocrx_word' id='word_1_130' title='bbox 1445 1791 1487 1847; x_wconf 89' lang='lat' dir='ltr'>rei</span> <span class='ocrx_word' id='word_1_131' title='bbox 1507 1789 1703 1864; x_wconf 77' lang='lat' dir='ltr'>cognitionem</span> <span class='ocrx_word' id='word_1_132' title='bbox 1714 1790 1860 1851; x_wconf 84' lang='lat' dir='ltr'>videntur</span> 
     </span>
     <span class='ocr_line' id='line_1_13' title="bbox 244 1886 1859 1972; baseline -0.008 -12"><span class='ocrx_word' id='word_1_133' title='bbox 244 1902 394 1972; x_wconf 88' lang='lat' dir='ltr'>sufficere,</span> <span class='ocrx_word' id='word_1_134' title='bbox 416 1898 471 1955; x_wconf 92' lang='lat' dir='ltr'>boc</span> <span class='ocrx_word' id='word_1_135' title='bbox 490 1909 585 1954; x_wconf 87' lang='lat' dir='ltr'>tamen</span> <span class='ocrx_word' id='word_1_136' title='bbox 605 1892 775 1960; x_wconf 90' lang='lat' dir='ltr'>ostendunt,</span> <span class='ocrx_word' id='word_1_137' title='bbox 789 1891 933 1965; x_wconf 79' lang='lat' dir='ltr'>ingentem</span> <span class='ocrx_word' id='word_1_138' title='bbox 950 1886 1065 1947; x_wconf 85' lang='lat' dir='ltr'>civibus</span> <span class='ocrx_word' id='word_1_139' title='bbox 1084 1901 1227 1945; x_wconf 87' lang='lat' dir='ltr'>terrorem</span> <span class='ocrx_word' id='word_1_140' title='bbox 1247 1886 1384 1958; x_wconf 88' lang='lat' dir='ltr'>injecisse</span> <span class='ocrx_word' id='word_1_141' title='bbox 1403 1886 1560 1945; x_wconf 88' lang='lat' dir='ltr'>llossorum</span> <span class='ocrx_word' id='word_1_142' title='bbox 1581 1905 1699 1947; x_wconf 91' lang='lat' dir='ltr'>manum</span> <span class='ocrx_word' id='word_1_143' title='bbox 1720 1887 1859 1949; x_wconf 88' lang='lat' dir='ltr'>ducentis</span> 
     </span>
    </p>
   </div>
   <div class='ocr_carea' id='block_1_8' title="bbox 244 1982 1932 2073">
    <p class='ocr_par' dir='ltr' id='par_1_8' title="bbox 244 1982 1932 2073">
     <span class='ocr_line' id='line_1_14' title="bbox 244 1982 1932 2073; baseline -0.008 -16"><span class='ocrx_word' id='word_1_144' title='bbox 244 1997 370 2057; x_wconf 90' lang='lat' dir='ltr'>navibus</span> <span class='ocrx_word' id='word_1_145' title='bbox 385 2008 489 2073; x_wconf 87' lang='lat' dir='ltr'>praeter</span> <span class='ocrx_word' id='word_1_146' title='bbox 508 2010 587 2069; x_wconf 87' lang='lat' dir='ltr'>spem</span> <span class='ocrx_word' id='word_1_147' title='bbox 602 1990 772 2068; x_wconf 88' lang='lat' dir='ltr'>appulsam,</span> <span class='ocrx_word' id='word_1_148' title='bbox 786 2001 815 2045; x_wconf 98' lang='lat' dir='ltr'>et</span> <span class='ocrx_word' id='word_1_149' title='bbox 836 1987 895 2044; x_wconf 91' lang='lat' dir='ltr'>nisi</span> <span class='ocrx_word' id='word_1_150' title='bbox 909 1998 1011 2043; x_wconf 89' lang='lat' dir='ltr'>coorta</span> <span class='ocrx_word' id='word_1_151' title='bbox 1032 1983 1130 2043; x_wconf 88' lang='lat' dir='ltr'>subito</span> <span class='ocrx_word' id='word_1_152' title='bbox 1153 1995 1321 2060; x_wconf 85' lang='lat' dir='ltr'>tempestate</span> <span class='ocrx_word' id='word_1_153' title='bbox 1344 1982 1537 2061; x_wconf 81' lang='lat' dir='ltr'>praedantium</span> <span class='ocrx_word' id='word_1_154' title='bbox 1559 1982 1740 2042; x_wconf 89' lang='lat' dir='ltr'>advenarum</span> <span class='ocrx_word' id='word_1_155' title='bbox 1763 2004 1858 2045; x_wconf 87' lang='lat' dir='ltr'>naves</span> <span class='ocrx_word' id='word_1_156' title='bbox 1931 2064 1932 2067; x_wconf 7' lang='grc' dir='ltr'><strong>Ἴ</strong></span> 
     </span>
    </p>
   </div>
   <div class='ocr_carea' id='block_1_9' title="bbox 243 2080 1856 2745">
    <p class='ocr_par' dir='ltr' id='par_1_9' title="bbox 243 2080 1856 2745">
     <span class='ocr_line' id='line_1_15' title="bbox 245 2080 1854 2164; baseline -0.007 -10"><span class='ocrx_word' id='word_1_157' title='bbox 245 2097 342 2154; x_wconf 81' lang='lat' dir='ltr'>lractae</span> <span class='ocrx_word' id='word_1_158' title='bbox 353 2104 466 2162; x_wconf 89' lang='lat' dir='ltr'>essent,</span> <span class='ocrx_word' id='word_1_159' title='bbox 483 2089 567 2147; x_wconf 81' lang='lat' dir='ltr'>facile</span> <span class='ocrx_word' id='word_1_160' title='bbox 591 2086 653 2144; x_wconf 89' lang='lat' dir='ltr'>lieri</span> <span class='ocrx_word' id='word_1_161' title='bbox 676 2086 821 2164; x_wconf 90' lang='lat' dir='ltr'>potuisse,</span> <span class='ocrx_word' id='word_1_162' title='bbox 835 2096 868 2142; x_wconf 92' lang='lat' dir='ltr'>ut</span> <span class='ocrx_word' id='word_1_163' title='bbox 889 2083 1059 2161; x_wconf 88' lang='lat' dir='ltr'>turpissima</span> <span class='ocrx_word' id='word_1_164' title='bbox 1074 2100 1197 2159; x_wconf 79' lang='lat' dir='ltr'>quaeque</span> <span class='ocrx_word' id='word_1_165' title='bbox 1218 2080 1314 2139; x_wconf 78' lang='lat' dir='ltr'>Gracci</span> <span class='ocrx_word' id='word_1_166' title='bbox 1336 2094 1566 2160; x_wconf 88' lang='lat' dir='ltr'>perpeterentur.</span> <span class='ocrx_word' id='word_1_167' title='bbox 1581 2083 1724 2142; x_wconf 74' lang='lat' dir='ltr'>homilias</span> <span class='ocrx_word' id='word_1_168' title='bbox 1737 2094 1854 2161; x_wconf 87' lang='lat' dir='ltr'>autem,</span> 
     </span>
     <span class='ocr_line' id='line_1_16' title="bbox 243 2178 1854 2269; baseline -0.006 -20"><span class='ocrx_word' id='word_1_169' title='bbox 243 2193 351 2269; x_wconf 71' lang='lat' dir='ltr'>quilius</span> <span class='ocrx_word' id='word_1_170' title='bbox 364 2189 487 2248; x_wconf 90' lang='lat' dir='ltr'>Photius</span> <span class='ocrx_word' id='word_1_171' title='bbox 501 2184 692 2245; x_wconf 83' lang='lat' dir='ltr'>calamitatem</span> <span class='ocrx_word' id='word_1_172' title='bbox 708 2183 793 2241; x_wconf 88' lang='lat' dir='ltr'>istam</span> <span class='ocrx_word' id='word_1_173' title='bbox 809 2181 994 2240; x_wconf 88' lang='lat' dir='ltr'>Constantini</span> <span class='ocrx_word' id='word_1_174' title='bbox 1006 2178 1075 2238; x_wconf 91' lang='lat' dir='ltr'>urbi</span> <span class='ocrx_word' id='word_1_175' title='bbox 1092 2178 1236 2236; x_wconf 87' lang='lat' dir='ltr'>divinitus</span> <span class='ocrx_word' id='word_1_176' title='bbox 1256 2179 1416 2245; x_wconf 86' lang='lat' dir='ltr'>immissam</span> <span class='ocrx_word' id='word_1_177' title='bbox 1437 2179 1586 2258; x_wconf 86' lang='lat' dir='ltr'>deplorat,</span> <span class='ocrx_word' id='word_1_178' title='bbox 1602 2180 1711 2239; x_wconf 90' lang='lat' dir='ltr'>dudum</span> <span class='ocrx_word' id='word_1_179' title='bbox 1728 2195 1854 2241; x_wconf 90' lang='lat' dir='ltr'>consta-</span> 
     </span>
     <span class='ocr_line' id='line_1_17' title="bbox 243 2273 1856 2354; baseline -0.007 -7"><span class='ocrx_word' id='word_1_180' title='bbox 243 2289 295 2348; x_wconf 90' lang='lat' dir='ltr'>bat</span> <span class='ocrx_word' id='word_1_181' title='bbox 309 2287 407 2346; x_wconf 86' lang='lat' dir='ltr'>seculo</span> <span class='ocrx_word' id='word_1_182' title='bbox 421 2284 499 2343; x_wconf 84' lang='lat' dir='ltr'>llllll</span> <span class='ocrx_word' id='word_1_183' title='bbox 514 2302 572 2343; x_wconf 89' lang='lat' dir='ltr'>uua</span> <span class='ocrx_word' id='word_1_184' title='bbox 588 2303 654 2341; x_wconf 89' lang='lat' dir='ltr'>curn</span> <span class='ocrx_word' id='word_1_185' title='bbox 669 2281 735 2339; x_wconf 89' lang='lat' dir='ltr'>aliis</span> <span class='ocrx_word' id='word_1_186' title='bbox 746 2280 879 2349; x_wconf 89' lang='lat' dir='ltr'>homiliis</span> <span class='ocrx_word' id='word_1_187' title='bbox 891 2276 989 2334; x_wconf 91' lang='lat' dir='ltr'>Photii</span> <span class='ocrx_word' id='word_1_188' title='bbox 1001 2275 1033 2332; x_wconf 91' lang='lat' dir='ltr'>in</span> <span class='ocrx_word' id='word_1_189' title='bbox 1047 2273 1148 2332; x_wconf 91' lang='lat' dir='ltr'>codice</span> <span class='ocrx_word' id='word_1_190' title='bbox 1161 2274 1287 2352; x_wconf 90' lang='lat' dir='ltr'>quodam</span> <span class='ocrx_word' id='word_1_191' title='bbox 1301 2275 1348 2333; x_wconf 91' lang='lat' dir='ltr'>vel</span> <span class='ocrx_word' id='word_1_192' title='bbox 1362 2275 1492 2353; x_wconf 85' lang='lat' dir='ltr'>ltlosquae</span> <span class='ocrx_word' id='word_1_193' title='bbox 1507 2276 1629 2335; x_wconf 91' lang='lat' dir='ltr'>invento</span> <span class='ocrx_word' id='word_1_194' title='bbox 1641 2277 1688 2334; x_wconf 92' lang='lat' dir='ltr'>vel</span> <span class='ocrx_word' id='word_1_195' title='bbox 1699 2276 1856 2354; x_wconf 86' lang='lat' dir='ltr'>Mosquam</span> 
     </span>
     <span class='ocr_line' id='line_1_18' title="bbox 244 2371 1856 2454; baseline -0.006 -11"><span class='ocrx_word' id='word_1_196' title='bbox 244 2384 333 2443; x_wconf 86' lang='lat' dir='ltr'>allato</span> <span class='ocrx_word' id='word_1_197' title='bbox 343 2383 433 2441; x_wconf 88' lang='lat' dir='ltr'>lectas</span> <span class='ocrx_word' id='word_1_198' title='bbox 447 2401 510 2441; x_wconf 87' lang='lat' dir='ltr'>esse</span> <span class='ocrx_word' id='word_1_199' title='bbox 525 2381 653 2439; x_wconf 86' lang='lat' dir='ltr'>aPaisio</span> <span class='ocrx_word' id='word_1_200' title='bbox 668 2379 804 2454; x_wconf 81' lang='lat' dir='ltr'>Ligaride</span> <span class='ocrx_word' id='word_1_201' title='bbox 820 2372 1008 2453; x_wconf 83' lang='lat' dir='ltr'>metropolita</span> <span class='ocrx_word' id='word_1_202' title='bbox 1019 2372 1158 2430; x_wconf 88' lang='lat' dir='ltr'>Gazensi.</span> <span class='ocrx_word' id='word_1_203' title='bbox 1170 2371 1282 2430; x_wconf 81' lang='lat' dir='ltr'>Peisius</span> <span class='ocrx_word' id='word_1_204' title='bbox 1296 2372 1374 2430; x_wconf 92' lang='lat' dir='ltr'>enim</span> <span class='ocrx_word' id='word_1_205' title='bbox 1389 2372 1509 2432; x_wconf 84' lang='lat' dir='ltr'>Nicolao</span> <span class='ocrx_word' id='word_1_206' title='bbox 1524 2373 1645 2432; x_wconf 87' lang='lat' dir='ltr'>Heinsio</span> <span class='ocrx_word' id='word_1_207' title='bbox 1660 2374 1794 2432; x_wconf 88' lang='lat' dir='ltr'>notitiam</span> <span class='ocrx_word' id='word_1_208' title='bbox 1811 2377 1856 2433; x_wconf 90' lang='lat' dir='ltr'>rei</span> 
     </span>
     <span class='ocr_line' id='line_1_19' title="bbox 244 2469 1854 2552; baseline -0.007 -12"><span class='ocrx_word' id='word_1_209' title='bbox 244 2500 382 2540; x_wconf 90' lang='lat' dir='ltr'>unacum</span> <span class='ocrx_word' id='word_1_210' title='bbox 406 2478 539 2538; x_wconf 85' lang='lat' dir='ltr'>secundae</span> <span class='ocrx_word' id='word_1_211' title='bbox 553 2477 682 2537; x_wconf 89' lang='lat' dir='ltr'>homiliae</span> <span class='ocrx_word' id='word_1_212' title='bbox 697 2475 831 2552; x_wconf 86' lang='lat' dir='ltr'>exemplo</span> <span class='ocrx_word' id='word_1_213' title='bbox 846 2472 1009 2551; x_wconf 84' lang='lat' dir='ltr'>impertiit,</span> <span class='ocrx_word' id='word_1_214' title='bbox 1022 2469 1159 2527; x_wconf 88' lang='lat' dir='ltr'>Heinsius</span> <span class='ocrx_word' id='word_1_215' title='bbox 1173 2488 1238 2545; x_wconf 82' lang='lat' dir='ltr'>quae</span> <span class='ocrx_word' id='word_1_216' title='bbox 1251 2484 1405 2547; x_wconf 88' lang='lat' dir='ltr'>acceperat</span> <span class='ocrx_word' id='word_1_217' title='bbox 1424 2489 1440 2528; x_wconf 90' lang='lat' dir='ltr'>a</span> <span class='ocrx_word' id='word_1_218' title='bbox 1459 2471 1557 2529; x_wconf 88' lang='lat' dir='ltr'>Paisio</span> <span class='ocrx_word' id='word_1_219' title='bbox 1571 2472 1712 2529; x_wconf 86' lang='lat' dir='ltr'>concessit</span> <span class='ocrx_word' id='word_1_220' title='bbox 1723 2470 1854 2544; x_wconf 80' lang='lat' dir='ltr'>Bigotio,</span> 
     </span>
     <span class='ocr_line' id='line_1_20' title="bbox 243 2564 1856 2655; baseline -0.008 -19"><span class='ocrx_word' id='word_1_221' title='bbox 243 2578 378 2653; x_wconf 79' lang='lat' dir='ltr'>Bigotius</span> <span class='ocrx_word' id='word_1_222' title='bbox 400 2575 500 2634; x_wconf 89' lang='lat' dir='ltr'>eadem</span> <span class='ocrx_word' id='word_1_223' title='bbox 526 2574 655 2655; x_wconf 88' lang='lat' dir='ltr'>primum</span> <span class='ocrx_word' id='word_1_224' title='bbox 680 2592 746 2630; x_wconf 87' lang='lat' dir='ltr'>cum</span> <span class='ocrx_word' id='word_1_225' title='bbox 771 2567 949 2627; x_wconf 87' lang='lat' dir='ltr'>Combefisio</span> <span class='ocrx_word' id='word_1_226' title='bbox 972 2565 1217 2636; x_wconf 88' lang='lat' dir='ltr'>communicavit,</span> <span class='ocrx_word' id='word_1_227' title='bbox 1240 2565 1346 2624; x_wconf 92' lang='lat' dir='ltr'>deinde</span> <span class='ocrx_word' id='word_1_228' title='bbox 1371 2566 1599 2625; x_wconf 82' lang='lat' dir='ltr'>Montesalconio</span> <span class='ocrx_word' id='word_1_229' title='bbox 1622 2565 1752 2625; x_wconf 83' lang='lat' dir='ltr'>tradidit.</span> <span class='ocrx_word' id='word_1_230' title='bbox 1780 2564 1856 2623; x_wconf 92' lang='lat' dir='ltr'>lndc</span> 
     </span>
     <span class='ocr_line' id='line_1_21' title="bbox 244 2660 1851 2745; baseline -0.007 -13"><span class='ocrx_word' id='word_1_231' title='bbox 244 2671 440 2735; x_wconf 73' lang='lat' dir='ltr'>combefisius</span> <span class='ocrx_word' id='word_1_232' title='bbox 455 2672 487 2730; x_wconf 90' lang='lat' dir='ltr'>in</span> <span class='ocrx_word' id='word_1_233' title='bbox 501 2670 691 2731; x_wconf 78' lang='lat' dir='ltr'>Bibliothecae</span> <span class='ocrx_word' id='word_1_234' title='bbox 703 2680 817 2745; x_wconf 90' lang='lat' dir='ltr'>patrum</span> <span class='ocrx_word' id='word_1_235' title='bbox 832 2667 961 2723; x_wconf 89' lang='lat' dir='ltr'>auctario</span> <span class='ocrx_word' id='word_1_236' title='bbox 974 2662 1137 2720; x_wconf 90' lang='lat' dir='ltr'>novissimo</span> <span class='ocrx_word' id='word_1_237' title='bbox 1152 2673 1182 2720; x_wconf 91' lang='lat' dir='ltr'>et</span> <span class='ocrx_word' id='word_1_238' title='bbox 1195 2660 1438 2721; x_wconf 84' lang='lat' dir='ltr'>hlontesalconius</span> <span class='ocrx_word' id='word_1_239' title='bbox 1452 2664 1482 2721; x_wconf 94' lang='lat' dir='ltr'>in</span> <span class='ocrx_word' id='word_1_240' title='bbox 1495 2663 1674 2722; x_wconf 85' lang='lat' dir='ltr'>Bibliotheca</span> <span class='ocrx_word' id='word_1_241' title='bbox 1693 2660 1766 2735; x_wconf 84' lang='lat' dir='ltr'>bibl.</span> <span class='ocrx_word' id='word_1_242' title='bbox 1779 2680 1851 2721; x_wconf 86' lang='lat' dir='ltr'>mss.</span> 
     </span>
    </p>
   </div>
   <div class='ocr_carea' id='block_1_10' title="bbox 244 2756 1932 2933">
    <p class='ocr_par' dir='ltr' id='par_1_10' title="bbox 244 2756 1932 2933">
     <span class='ocr_line' id='line_1_22' title="bbox 244 2756 1932 2842; baseline -0.009 -13"><span class='ocrx_word' id='word_1_243' title='bbox 244 2770 330 2829; x_wconf 90' lang='lat' dir='ltr'>initia</span> <span class='ocrx_word' id='word_1_244' title='bbox 343 2769 552 2827; x_wconf 85' lang='lat' dir='ltr'>Photianarum</span> <span class='ocrx_word' id='word_1_245' title='bbox 565 2767 600 2832; x_wconf 78' lang='grc' dir='ltr'>εἰς</span> <span class='ocrx_word' id='word_1_246' title='bbox 612 2764 661 2836; x_wconf 70' lang='grc' dir='ltr'>τὴν</span> <span class='ocrx_word' id='word_1_247' title='bbox 674 2763 764 2842; x_wconf 73' lang='grc' dir='ltr'>ἔφοδον</span> <span class='ocrx_word' id='word_1_248' title='bbox 777 2765 829 2820; x_wconf 82' lang='grc' dir='ltr'>τῶν</span> <span class='ocrx_word' id='word_1_249' title='bbox 840 2758 912 2827; x_wconf 66' lang='lat' dir='ltr'>‘Prie</span> <span class='ocrx_word' id='word_1_250' title='bbox 922 2758 1111 2819; x_wconf 90' lang='lat' dir='ltr'>homiliarum</span> <span class='ocrx_word' id='word_1_251' title='bbox 1136 2757 1314 2816; x_wconf 89' lang='lat' dir='ltr'>indicarunt.</span> <span class='ocrx_word' id='word_1_252' title='bbox 1327 2761 1364 2836; x_wconf 68' lang='lat'>(⁴)</span> <span class='ocrx_word' id='word_1_253' title='bbox 1383 2760 1464 2817; x_wconf 76' lang='lat' dir='ltr'>Alter</span> <span class='ocrx_word' id='word_1_254' title='bbox 1480 2760 1637 2818; x_wconf 87' lang='lat' dir='ltr'>earundem</span> <span class='ocrx_word' id='word_1_255' title='bbox 1662 2756 1851 2833; x_wconf 88' lang='lat' dir='ltr'>homiliarum</span> <span class='ocrx_word' id='word_1_256' title='bbox 1931 2776 1932 2805; x_wconf 58' lang='lat' dir='ltr'>ss</span> 
     </span>
     <span class='ocr_line' id='line_1_23' title="bbox 244 2853 1932 2933; baseline -0.008 -9"><span class='ocrx_word' id='word_1_257' title='bbox 244 2866 337 2924; x_wconf 86' lang='lat' dir='ltr'>codex</span> <span class='ocrx_word' id='word_1_258' title='bbox 350 2866 421 2924; x_wconf 91' lang='lat' dir='ltr'>olim</span> <span class='ocrx_word' id='word_1_259' title='bbox 438 2865 493 2922; x_wconf 85' lang='lat' dir='ltr'>luit</span> <span class='ocrx_word' id='word_1_260' title='bbox 504 2864 536 2922; x_wconf 91' lang='lat' dir='ltr'>in</span> <span class='ocrx_word' id='word_1_261' title='bbox 551 2862 732 2920; x_wconf 78' lang='lat' dir='ltr'>bibliotheca</span> <span class='ocrx_word' id='word_1_262' title='bbox 748 2857 956 2927; x_wconf 77' lang='lat' dir='ltr'>Escorialensi,</span> <span class='ocrx_word' id='word_1_263' title='bbox 973 2873 1061 2932; x_wconf 89' lang='lat' dir='ltr'>quem</span> <span class='ocrx_word' id='word_1_264' title='bbox 1076 2858 1154 2910; x_wconf 89' lang='lat' dir='ltr'>enim</span> <span class='ocrx_word' id='word_1_265' title='bbox 1173 2855 1337 2915; x_wconf 87' lang='lat' dir='ltr'>Barooetius</span> <span class='ocrx_word' id='word_1_266' title='bbox 1359 2858 1391 2915; x_wconf 90' lang='lat' dir='ltr'>in</span> <span class='ocrx_word' id='word_1_267' title='bbox 1413 2855 1552 2933; x_wconf 82' lang='lat' dir='ltr'>Catologo</span> <span class='ocrx_word' id='word_1_268' title='bbox 1572 2856 1657 2916; x_wconf 89' lang='lat' dir='ltr'>codd.</span> <span class='ocrx_word' id='word_1_269' title='bbox 1674 2853 1852 2913; x_wconf 67' lang='lat' dir='ltr'>Scombibl.</span> <span class='ocrx_word' id='word_1_270' title='bbox 1931 2880 1932 2883; x_wconf 39' lang='lat'>¹</span> 
     </span>
    </p>
   </div>
   <div class='ocr_carea' id='block_1_11' title="bbox 243 2950 1856 3515">
    <p class='ocr_par' dir='ltr' id='par_1_11' title="bbox 243 2950 1856 3515">
     <span class='ocr_line' id='line_1_24' title="bbox 244 2950 1854 3041; baseline -0.009 -20"><span class='ocrx_word' id='word_1_271' title='bbox 244 2964 290 3021; x_wconf 88' lang='lat' dir='ltr'>vel</span> <span class='ocrx_word' id='word_1_272' title='bbox 306 2964 406 3041; x_wconf 85' lang='lat' dir='ltr'>potius</span> <span class='ocrx_word' id='word_1_273' title='bbox 421 2962 500 3020; x_wconf 89' lang='lat' dir='ltr'>Guil.</span> <span class='ocrx_word' id='word_1_274' title='bbox 516 2959 665 3035; x_wconf 77' lang='lat' dir='ltr'>lindanus</span> <span class='ocrx_word' id='word_1_275' title='bbox 680 2959 770 3037; x_wconf 90' lang='lat' dir='ltr'>(hunc</span> <span class='ocrx_word' id='word_1_276' title='bbox 783 2956 861 3014; x_wconf 92' lang='lat' dir='ltr'>enim</span> <span class='ocrx_word' id='word_1_277' title='bbox 875 2952 1039 3011; x_wconf 81' lang='lat' dir='ltr'>barooetius</span> <span class='ocrx_word' id='word_1_278' title='bbox 1057 2952 1203 3031; x_wconf 87' lang='lat' dir='ltr'>sequitur)</span> <span class='ocrx_word' id='word_1_279' title='bbox 1214 2952 1364 3011; x_wconf 86' lang='lat' dir='ltr'>Photianae</span> <span class='ocrx_word' id='word_1_280' title='bbox 1375 2955 1503 3013; x_wconf 91' lang='lat' dir='ltr'>homiliae</span> <span class='ocrx_word' id='word_1_281' title='bbox 1517 2955 1617 3033; x_wconf 91' lang='lat' dir='ltr'>prodit</span> <span class='ocrx_word' id='word_1_282' title='bbox 1628 2953 1744 3012; x_wconf 88' lang='lat' dir='ltr'>titulum</span> <span class='ocrx_word' id='word_1_283' title='bbox 1756 2955 1792 3017; x_wconf 76' lang='grc' dir='ltr'>εἰς</span> <span class='ocrx_word' id='word_1_284' title='bbox 1805 2950 1854 3020; x_wconf 68' lang='grc' dir='ltr'>τὴν</span> 
     </span>
     <span class='ocr_line' id='line_1_25' title="bbox 243 3052 1854 3141; baseline -0.004 -23"><span class='ocrx_word' id='word_1_285' title='bbox 243 3060 334 3141; x_wconf 75' lang='grc' dir='ltr'>ἔφοδον</span> <span class='ocrx_word' id='word_1_286' title='bbox 356 3062 410 3118; x_wconf 83' lang='grc' dir='ltr'>τῶν</span> <span class='ocrx_word' id='word_1_287' title='bbox 431 3062 525 3139; x_wconf 78' lang='grc' dir='ltr'>φωτῶν</span> <span class='ocrx_word' id='word_1_288' title='bbox 530 3102 541 3138; x_wconf 78' lang='lat'>,</span> <span class='ocrx_word' id='word_1_289' title='bbox 556 3077 591 3115; x_wconf 89' lang='lat' dir='ltr'>eo</span> <span class='ocrx_word' id='word_1_290' title='bbox 613 3057 666 3117; x_wconf 88' lang='lat' dir='ltr'>bas</span> <span class='ocrx_word' id='word_1_291' title='bbox 689 3058 767 3134; x_wconf 89' lang='lat' dir='ltr'>ipsas</span> <span class='ocrx_word' id='word_1_292' title='bbox 784 3055 820 3113; x_wconf 91' lang='lat' dir='ltr'>de</span> <span class='ocrx_word' id='word_1_293' title='bbox 839 3053 947 3131; x_wconf 88' lang='lat' dir='ltr'>quibus</span> <span class='ocrx_word' id='word_1_294' title='bbox 966 3053 1080 3128; x_wconf 83' lang='lat' dir='ltr'>agimus</span> <span class='ocrx_word' id='word_1_295' title='bbox 1105 3055 1141 3121; x_wconf 76' lang='grc' dir='ltr'>εἰς</span> <span class='ocrx_word' id='word_1_296' title='bbox 1161 3078 1189 3115; x_wconf 86' lang='grc' dir='ltr'>τ.</span> <span class='ocrx_word' id='word_1_297' title='bbox 1208 3053 1232 3114; x_wconf 76' lang='lat' dir='ltr'>i.</span> <span class='ocrx_word' id='word_1_298' title='bbox 1252 3058 1304 3113; x_wconf 85' lang='grc' dir='ltr'>τῶν</span> <span class='ocrx_word' id='word_1_299' title='bbox 1325 3052 1396 3121; x_wconf 67' lang='lat' dir='ltr'>‘Pae</span> <span class='ocrx_word' id='word_1_300' title='bbox 1415 3056 1576 3132; x_wconf 78' lang='lat' dir='ltr'>significari</span> <span class='ocrx_word' id='word_1_301' title='bbox 1602 3070 1685 3115; x_wconf 89' lang='lat' dir='ltr'>acute</span> <span class='ocrx_word' id='word_1_302' title='bbox 1705 3058 1854 3134; x_wconf 87' lang='lat' dir='ltr'>perspexit</span> 
     </span>
     <span class='ocr_line' id='line_1_26' title="bbox 244 3150 1850 3232; baseline -0.002 -20"><span class='ocrx_word' id='word_1_303' title='bbox 244 3155 343 3214; x_wconf 85' lang='lat' dir='ltr'>ttunit</span> <span class='ocrx_word' id='word_1_304' title='bbox 407 3155 531 3214; x_wconf 88' lang='lat' dir='ltr'>Codices</span> <span class='ocrx_word' id='word_1_305' title='bbox 545 3166 574 3211; x_wconf 89' lang='lat' dir='ltr'>et</span> <span class='ocrx_word' id='word_1_306' title='bbox 587 3153 773 3230; x_wconf 82' lang='lat' dir='ltr'>llosquensis</span> <span class='ocrx_word' id='word_1_307' title='bbox 786 3165 815 3209; x_wconf 89' lang='lat' dir='ltr'>et</span> <span class='ocrx_word' id='word_1_308' title='bbox 826 3150 1036 3209; x_wconf 86' lang='lat' dir='ltr'>Escorialensis</span> <span class='ocrx_word' id='word_1_309' title='bbox 1052 3150 1191 3210; x_wconf 88' lang='lat' dir='ltr'>incendio</span> <span class='ocrx_word' id='word_1_310' title='bbox 1210 3153 1347 3211; x_wconf 89' lang='lat' dir='ltr'>videntur</span> <span class='ocrx_word' id='word_1_311' title='bbox 1360 3152 1519 3232; x_wconf 87' lang='lat' dir='ltr'>absumpti.</span> <span class='ocrx_word' id='word_1_312' title='bbox 1535 3154 1650 3212; x_wconf 89' lang='lat' dir='ltr'>Paisius</span> <span class='ocrx_word' id='word_1_313' title='bbox 1661 3166 1753 3212; x_wconf 89' lang='lat' dir='ltr'>autem</span> <span class='ocrx_word' id='word_1_314' title='bbox 1768 3152 1850 3228; x_wconf 85' lang='lat' dir='ltr'>quod</span> 
     </span>
     <span class='ocr_line' id='line_1_27' title="bbox 244 3247 1851 3329; baseline -0.002 -19"><span class='ocrx_word' id='word_1_315' title='bbox 244 3251 369 3310; x_wconf 86' lang='lat' dir='ltr'>conlectt</span> <span class='ocrx_word' id='word_1_316' title='bbox 383 3252 502 3309; x_wconf 88' lang='lat' dir='ltr'>alterius</span> <span class='ocrx_word' id='word_1_317' title='bbox 518 3250 648 3308; x_wconf 73' lang='lat' dir='ltr'>homiliae</span> <span class='ocrx_word' id='word_1_318' title='bbox 661 3250 810 3327; x_wconf 86' lang='lat' dir='ltr'>exemplar</span> <span class='ocrx_word' id='word_1_319' title='bbox 826 3248 971 3306; x_wconf 89' lang='lat' dir='ltr'>nescimus</span> <span class='ocrx_word' id='word_1_320' title='bbox 988 3266 1048 3323; x_wconf 92' lang='lat' dir='ltr'>quo</span> <span class='ocrx_word' id='word_1_321' title='bbox 1068 3247 1231 3307; x_wconf 88' lang='lat' dir='ltr'>devenerit.</span> <span class='ocrx_word' id='word_1_322' title='bbox 1254 3249 1460 3309; x_wconf 85' lang='lat' dir='ltr'>Verumtamen</span> <span class='ocrx_word' id='word_1_323' title='bbox 1481 3271 1546 3328; x_wconf 85' lang='lat' dir='ltr'>quae</span> <span class='ocrx_word' id='word_1_324' title='bbox 1565 3251 1642 3329; x_wconf 88' lang='lat' dir='ltr'>apud</span> <span class='ocrx_word' id='word_1_325' title='bbox 1663 3250 1851 3326; x_wconf 84' lang='lat' dir='ltr'>hlosquenses</span> 
     </span>
     <span class='ocr_line' id='line_1_28' title="bbox 243 3343 1856 3425; baseline -0.002 -20"><span class='ocrx_word' id='word_1_326' title='bbox 243 3362 272 3406; x_wconf 89' lang='lat' dir='ltr'>et</span> <span class='ocrx_word' id='word_1_327' title='bbox 285 3348 430 3425; x_wconf 88' lang='lat' dir='ltr'>Hispanos</span> <span class='ocrx_word' id='word_1_328' title='bbox 447 3347 556 3409; x_wconf 80' lang='lat' dir='ltr'>trustra</span> <span class='ocrx_word' id='word_1_329' title='bbox 566 3346 687 3422; x_wconf 70' lang='lat' dir='ltr'>‹puaesita</span> <span class='ocrx_word' id='word_1_330' title='bbox 704 3358 803 3415; x_wconf 90' lang='lat' dir='ltr'>erant,</span> <span class='ocrx_word' id='word_1_331' title='bbox 822 3345 894 3402; x_wconf 89' lang='lat' dir='ltr'>alibi</span> <span class='ocrx_word' id='word_1_332' title='bbox 910 3344 1030 3401; x_wconf 87' lang='lat' dir='ltr'>inventa</span> <span class='ocrx_word' id='word_1_333' title='bbox 1043 3356 1121 3402; x_wconf 92' lang='lat' dir='ltr'>sunt.</span> <span class='ocrx_word' id='word_1_334' title='bbox 1136 3343 1251 3402; x_wconf 86' lang='lat' dir='ltr'>Etenim</span> <span class='ocrx_word' id='word_1_335' title='bbox 1266 3345 1452 3424; x_wconf 82' lang='lat' dir='ltr'>Porphyrius</span> <span class='ocrx_word' id='word_1_336' title='bbox 1462 3347 1608 3425; x_wconf 84' lang='lat' dir='ltr'>Uspenslti</span> <span class='ocrx_word' id='word_1_337' title='bbox 1623 3345 1856 3405; x_wconf 86' lang='lat' dir='ltr'>archimandrita</span> 
     </span>
     <span class='ocr_line' id='line_1_29' title="bbox 244 3439 1856 3515; baseline -0.003 -12"><span class='ocrx_word' id='word_1_338' title='bbox 244 3465 291 3506; x_wconf 83' lang='lat' dir='ltr'>an,</span> <span class='ocrx_word' id='word_1_339' title='bbox 316 3445 392 3501; x_wconf 87' lang='lat'>1858</span> <span class='ocrx_word' id='word_1_340' title='bbox 416 3443 447 3501; x_wconf 91' lang='lat' dir='ltr'>in</span> <span class='ocrx_word' id='word_1_341' title='bbox 472 3442 601 3500; x_wconf 88' lang='lat' dir='ltr'>codicem</span> <span class='ocrx_word' id='word_1_342' title='bbox 626 3442 796 3499; x_wconf 88' lang='lat' dir='ltr'>monasterii</span> <span class='ocrx_word' id='word_1_343' title='bbox 816 3440 924 3498; x_wconf 88' lang='lat' dir='ltr'>lberici</span> <span class='ocrx_word' id='word_1_344' title='bbox 948 3441 1057 3499; x_wconf 85' lang='lat' dir='ltr'>rnontis</span> <span class='ocrx_word' id='word_1_345' title='bbox 1082 3444 1158 3499; x_wconf 82' lang='lat' dir='ltr'>atho</span> <span class='ocrx_word' id='word_1_346' title='bbox 1174 3441 1292 3515; x_wconf 89' lang='lat' dir='ltr'>incidit,</span> <span class='ocrx_word' id='word_1_347' title='bbox 1308 3444 1355 3502; x_wconf 92' lang='lat' dir='ltr'>cui</span> <span class='ocrx_word' id='word_1_348' title='bbox 1369 3456 1397 3501; x_wconf 90' lang='lat' dir='ltr'>et</span> <span class='ocrx_word' id='word_1_349' title='bbox 1411 3445 1476 3502; x_wconf 87' lang='lat' dir='ltr'>aliae</span> <span class='ocrx_word' id='word_1_350' title='bbox 1489 3444 1589 3502; x_wconf 87' lang='lat' dir='ltr'>Photii</span> <span class='ocrx_word' id='word_1_351' title='bbox 1602 3443 1731 3502; x_wconf 86' lang='lat' dir='ltr'>bomiliae</span> <span class='ocrx_word' id='word_1_352' title='bbox 1746 3455 1774 3499; x_wconf 88' lang='lat' dir='ltr'>et</span> <span class='ocrx_word' id='word_1_353' title='bbox 1787 3439 1856 3498; x_wconf 85' lang='lat' dir='ltr'>duae</span> 
     </span>
    </p>
   </div>
   <div class='ocr_carea' id='block_1_12' title="bbox 243 3535 1932 3906">
    <p class='ocr_par' dir='ltr' id='par_1_12' title="bbox 243 3535 1932 3812">
     <span class='ocr_line' id='line_1_30' title="bbox 244 3535 1932 3619; baseline -0.002 -21"><span class='ocrx_word' id='word_1_354' title='bbox 244 3542 279 3605; x_wconf 82' lang='grc' dir='ltr'>εἰς</span> <span class='ocrx_word' id='word_1_355' title='bbox 292 3563 317 3599; x_wconf 88' lang='grc' dir='ltr'>τ.</span> <span class='ocrx_word' id='word_1_356' title='bbox 334 3537 359 3599; x_wconf 82' lang='lat' dir='ltr'>t.</span> <span class='ocrx_word' id='word_1_357' title='bbox 374 3542 426 3597; x_wconf 81' lang='grc' dir='ltr'>τῶν</span> <span class='ocrx_word' id='word_1_358' title='bbox 438 3535 508 3603; x_wconf 61' lang='lat' dir='ltr'>‘rae</span> <span class='ocrx_word' id='word_1_359' title='bbox 523 3537 648 3595; x_wconf 91' lang='lat' dir='ltr'>inerant.</span> <span class='ocrx_word' id='word_1_360' title='bbox 664 3535 807 3594; x_wconf 88' lang='lat' dir='ltr'>lndicavit</span> <span class='ocrx_word' id='word_1_361' title='bbox 821 3536 928 3613; x_wconf 80' lang='grc' dir='ltr'>ἕρμαιον</span> <span class='ocrx_word' id='word_1_362' title='bbox 944 3556 1029 3595; x_wconf 91' lang='lat' dir='ltr'>suum</span> <span class='ocrx_word' id='word_1_363' title='bbox 1045 3537 1133 3595; x_wconf 86' lang='lat' dir='ltr'>Petro</span> <span class='ocrx_word' id='word_1_364' title='bbox 1148 3537 1355 3614; x_wconf 83' lang='lat' dir='ltr'>Sewastianos,</span> <span class='ocrx_word' id='word_1_365' title='bbox 1371 3542 1424 3617; x_wconf 90' lang='lat' dir='ltr'>qui</span> <span class='ocrx_word' id='word_1_366' title='bbox 1440 3561 1513 3619; x_wconf 90' lang='lat' dir='ltr'>quas</span> <span class='ocrx_word' id='word_1_367' title='bbox 1534 3541 1670 3600; x_wconf 89' lang='lat' dir='ltr'>homilias</span> <span class='ocrx_word' id='word_1_368' title='bbox 1686 3535 1857 3599; x_wconf 90' lang='lat' dir='ltr'>bominibus</span> <span class='ocrx_word' id='word_1_369' title='bbox 1931 3566 1932 3615; x_wconf 58' lang='grc' dir='ltr'>ν</span> 
     </span>
     <span class='ocr_line' id='line_1_31' title="bbox 245 3633 1932 3717; baseline -0.005 -20"><span class='ocrx_word' id='word_1_370' title='bbox 245 3658 341 3697; x_wconf 88' lang='lat' dir='ltr'>rerum</span> <span class='ocrx_word' id='word_1_371' title='bbox 358 3638 535 3696; x_wconf 87' lang='lat' dir='ltr'>russicarum</span> <span class='ocrx_word' id='word_1_372' title='bbox 551 3633 689 3693; x_wconf 88' lang='lat' dir='ltr'>studiosis</span> <span class='ocrx_word' id='word_1_373' title='bbox 701 3646 797 3709; x_wconf 85' lang='lat' dir='ltr'>grates</span> <span class='ocrx_word' id='word_1_374' title='bbox 810 3634 872 3690; x_wconf 89' lang='lat' dir='ltr'>sore</span> <span class='ocrx_word' id='word_1_375' title='bbox 884 3633 1085 3709; x_wconf 81' lang='lat' dir='ltr'>intelligebat,</span> <span class='ocrx_word' id='word_1_376' title='bbox 1098 3634 1338 3715; x_wconf 76' lang='lat' dir='ltr'>photograpbicae</span> <span class='ocrx_word' id='word_1_377' title='bbox 1359 3638 1431 3696; x_wconf 88' lang='lat' dir='ltr'>artis</span> <span class='ocrx_word' id='word_1_378' title='bbox 1444 3658 1501 3717; x_wconf 89' lang='lat' dir='ltr'>ope</span> <span class='ocrx_word' id='word_1_379' title='bbox 1511 3638 1640 3697; x_wconf 87' lang='lat' dir='ltr'>reddidit</span> <span class='ocrx_word' id='word_1_380' title='bbox 1649 3651 1678 3696; x_wconf 88' lang='lat' dir='ltr'>et</span> <span class='ocrx_word' id='word_1_381' title='bbox 1686 3635 1855 3713; x_wconf 81' lang='lat' dir='ltr'>exemplum</span> <span class='ocrx_word' id='word_1_382' title='bbox 1931 3674 1932 3711; x_wconf 67' lang='lat'>,</span> 
     </span>
     <span class='ocr_line' id='line_1_32' title="bbox 243 3728 1858 3812; baseline -0.002 -20"><span class='ocrx_word' id='word_1_383' title='bbox 243 3734 424 3812; x_wconf 90' lang='lat' dir='ltr'>Petropolim</span> <span class='ocrx_word' id='word_1_384' title='bbox 440 3734 558 3793; x_wconf 88' lang='lat' dir='ltr'>allatum</span> <span class='ocrx_word' id='word_1_385' title='bbox 574 3730 710 3809; x_wconf 87' lang='lat' dir='ltr'>permisit</span> <span class='ocrx_word' id='word_1_386' title='bbox 724 3750 772 3789; x_wconf 90' lang='lat' dir='ltr'>an.</span> <span class='ocrx_word' id='word_1_387' title='bbox 791 3731 861 3788; x_wconf 79' lang='lat'>1861</span> <span class='ocrx_word' id='word_1_388' title='bbox 881 3750 921 3791; x_wconf 86' lang='lat' dir='ltr'>m.</span> <span class='ocrx_word' id='word_1_389' title='bbox 939 3728 1022 3791; x_wconf 87' lang='lat' dir='ltr'>Febr.</span> <span class='ocrx_word' id='word_1_390' title='bbox 1036 3732 1156 3808; x_wconf 77' lang='lat' dir='ltr'>collegae</span> <span class='ocrx_word' id='word_1_391' title='bbox 1172 3732 1209 3792; x_wconf 92' lang='lat' dir='ltr'>cl.</span> <span class='ocrx_word' id='word_1_392' title='bbox 1222 3732 1254 3794; x_wconf 88' lang='lat' dir='ltr'>E.</span> <span class='ocrx_word' id='word_1_393' title='bbox 1271 3734 1418 3807; x_wconf 85' lang='lat' dir='ltr'>Kunikio,</span> <span class='ocrx_word' id='word_1_394' title='bbox 1434 3736 1487 3811; x_wconf 89' lang='lat' dir='ltr'>qui</span> <span class='ocrx_word' id='word_1_395' title='bbox 1511 3736 1585 3795; x_wconf 91' lang='lat' dir='ltr'>mihi</span> <span class='ocrx_word' id='word_1_396' title='bbox 1648 3733 1798 3794; x_wconf 90' lang='lat' dir='ltr'>mandavit</span> <span class='ocrx_word' id='word_1_397' title='bbox 1823 3742 1858 3788; x_wconf 92' lang='lat' dir='ltr'>ut</span> 
     </span>
    </p>

    <p class='ocr_par' dir='ltr' id='par_1_13' title="bbox 243 3818 1932 3906">
     <span class='ocr_line' id='line_1_33' title="bbox 243 3818 1932 3906; baseline -0.009 -17"><span class='ocrx_word' id='word_1_398' title='bbox 243 3828 335 3889; x_wconf 89' lang='lat' dir='ltr'>verba</span> <span class='ocrx_word' id='word_1_399' title='bbox 349 3850 441 3906; x_wconf 79' lang='lat' dir='ltr'>graeca</span> <span class='ocrx_word' id='word_1_400' title='bbox 461 3828 682 3888; x_wconf 88' lang='lat' dir='ltr'>transcriberem</span> <span class='ocrx_word' id='word_1_401' title='bbox 701 3843 730 3886; x_wconf 93' lang='lat' dir='ltr'>et</span> <span class='ocrx_word' id='word_1_402' title='bbox 749 3847 939 3888; x_wconf 86' lang='lat' dir='ltr'>recenserem.</span> <span class='ocrx_word' id='word_1_403' title='bbox 953 3854 966 3879; x_wconf 74' lang='grc' dir='ltr'>ν</span> <span class='ocrx_word' id='word_1_404' title='bbox 1011 3826 1016 3833; x_wconf 88' lang='grc'><strong>’</strong></span> <span class='ocrx_word' id='word_1_405' title='bbox 1931 3818 1932 3827; x_wconf 75' lang='grc'>’</span> 
     </span>
    </p>
   </div>
   <div class='ocr_carea' id='block_1_13' title="bbox 616 3992 1476 4058">
    <p class='ocr_par' dir='ltr' id='par_1_14' title="bbox 616 3992 1476 4058">
     <span class='ocr_line' id='line_1_34' title="bbox 616 3992 1476 4058; baseline 0.008 -7"><span class='ocrx_word' id='word_1_406' title='bbox 616 3992 653 4054; x_wconf 84' lang='lat' dir='ltr'>V.</span> <span class='ocrx_word' id='word_1_407' title='bbox 676 3994 804 4055; x_wconf 81' lang='lat' dir='ltr'>CODEX</span> <span class='ocrx_word' id='word_1_408' title='bbox 826 3993 1087 4053; x_wconf 82' lang='lat' dir='ltr'>LONBlNlBNSlS</span> <span class='ocrx_word' id='word_1_409' title='bbox 1109 3994 1223 4054; x_wconf 82' lang='lat' dir='ltr'>lllUSEl</span> <span class='ocrx_word' id='word_1_410' title='bbox 1244 3995 1476 4058; x_wconf 78' lang='lat' dir='ltr'>BlllTANNlCl.</span> 
     </span>
    </p>
   </div>
   <div class='ocr_carea' id='block_1_14' title="bbox 242 4157 1932 4628">
    <p class='ocr_par' dir='ltr' id='par_1_15' title="bbox 242 4157 1932 4628">
     <span class='ocr_line' id='line_1_35' title="bbox 282 4157 1932 4237; baseline 0.002 -20"><span class='ocrx_word' id='word_1_411' title='bbox 282 4159 326 4217; x_wconf 89' lang='lat' dir='ltr'>De</span> <span class='ocrx_word' id='word_1_412' title='bbox 342 4158 442 4217; x_wconf 91' lang='lat' dir='ltr'>codice</span> <span class='ocrx_word' id='word_1_413' title='bbox 453 4159 546 4217; x_wconf 88' lang='lat' dir='ltr'>lllusei</span> <span class='ocrx_word' id='word_1_414' title='bbox 561 4159 736 4229; x_wconf 86' lang='lat' dir='ltr'>Britannici,</span> <span class='ocrx_word' id='word_1_415' title='bbox 750 4158 801 4233; x_wconf 91' lang='lat' dir='ltr'>qui</span> <span class='ocrx_word' id='word_1_416' title='bbox 815 4157 893 4216; x_wconf 90' lang='lat' dir='ltr'>inter</span> <span class='ocrx_word' id='word_1_417' title='bbox 909 4157 1024 4216; x_wconf 84' lang='lat' dir='ltr'>codices</span> <span class='ocrx_word' id='word_1_418' title='bbox 1036 4158 1188 4217; x_wconf 89' lang='lat' dir='ltr'>additicios</span> <span class='ocrx_word' id='word_1_419' title='bbox 1206 4178 1329 4217; x_wconf 90' lang='lat' dir='ltr'>numero</span> <span class='ocrx_word' id='word_1_420' title='bbox 1351 4180 1397 4237; x_wconf 68' lang='lat'>39,</span> <span class='ocrx_word' id='word_1_421' title='bbox 1414 4160 1467 4235; x_wconf 82' lang='lat'>39¹</span> <span class='ocrx_word' id='word_1_422' title='bbox 1484 4158 1628 4234; x_wconf 80' lang='lat' dir='ltr'>signatur,</span> <span class='ocrx_word' id='word_1_423' title='bbox 1645 4157 1783 4218; x_wconf 86' lang='lat' dir='ltr'>dixerunt</span> <span class='ocrx_word' id='word_1_424' title='bbox 1793 4162 1857 4220; x_wconf 92' lang='lat' dir='ltr'>viri</span> <span class='ocrx_word' id='word_1_425' title='bbox 1931 4228 1932 4231; x_wconf 8' lang='grc' dir='ltr'><strong>Ἴ</strong></span> 
     </span>
     <span class='ocr_line' id='line_1_36' title="bbox 243 4254 1857 4335; baseline 0.002 -22"><span class='ocrx_word' id='word_1_426' title='bbox 243 4255 406 4314; x_wconf 89' lang='lat' dir='ltr'>doctissimi</span> <span class='ocrx_word' id='word_1_427' title='bbox 421 4254 590 4314; x_wconf 78' lang='lat' dir='ltr'>fridericus</span> <span class='ocrx_word' id='word_1_428' title='bbox 613 4255 736 4314; x_wconf 86' lang='lat' dir='ltr'>Madden</span> <span class='ocrx_word' id='word_1_429' title='bbox 758 4256 790 4314; x_wconf 93' lang='lat' dir='ltr'>in</span> <span class='ocrx_word' id='word_1_430' title='bbox 813 4254 910 4313; x_wconf 87' lang='lat' dir='ltr'>diario</span> <span class='ocrx_word' id='word_1_431' title='bbox 933 4256 1011 4331; x_wconf 88' lang='lat' dir='ltr'>quod</span> <span class='ocrx_word' id='word_1_432' title='bbox 1032 4259 1200 4314; x_wconf 62' lang='lat' dir='ltr'>Athenaeum</span> <span class='ocrx_word' id='word_1_433' title='bbox 1222 4258 1399 4316; x_wconf 90' lang='lat' dir='ltr'>inscribitur</span> <span class='ocrx_word' id='word_1_434' title='bbox 1419 4259 1447 4334; x_wconf 84' lang='grc'>(8</span> <span class='ocrx_word' id='word_1_435' title='bbox 1470 4257 1555 4317; x_wconf 71' lang='lat' dir='ltr'>blant.</span> <span class='ocrx_word' id='word_1_436' title='bbox 1582 4259 1669 4329; x_wconf 73' lang='lat'>1856,</span> <span class='ocrx_word' id='word_1_437' title='bbox 1693 4279 1722 4335; x_wconf 87' lang='lat' dir='ltr'>p.</span> <span class='ocrx_word' id='word_1_438' title='bbox 1740 4259 1810 4335; x_wconf 80' lang='lat'><strong>299)</strong></span> <span class='ocrx_word' id='word_1_439' title='bbox 1827 4271 1857 4318; x_wconf 91' lang='lat' dir='ltr'>et</span> 
     </span>
     <span class='ocr_line' id='line_1_37' title="bbox 244 4352 1932 4429; baseline 0.001 -20"><span class='ocrx_word' id='word_1_440' title='bbox 244 4353 373 4412; x_wconf 88' lang='lat' dir='ltr'>Joannes</span> <span class='ocrx_word' id='word_1_441' title='bbox 390 4352 476 4412; x_wconf 88' lang='lat' dir='ltr'>Yates</span> <span class='ocrx_word' id='word_1_442' title='bbox 494 4353 526 4411; x_wconf 90' lang='lat' dir='ltr'>in</span> <span class='ocrx_word' id='word_1_443' title='bbox 543 4357 739 4410; x_wconf 81' lang='lat' dir='ltr'>Transactions</span> <span class='ocrx_word' id='word_1_444' title='bbox 754 4352 792 4425; x_wconf 87' lang='lat' dir='ltr'>os</span> <span class='ocrx_word' id='word_1_445' title='bbox 799 4355 848 4409; x_wconf 83' lang='lat' dir='ltr'>the</span> <span class='ocrx_word' id='word_1_446' title='bbox 861 4357 944 4427; x_wconf 82' lang='lat' dir='ltr'>roynl</span> <span class='ocrx_word' id='word_1_447' title='bbox 956 4361 1060 4428; x_wconf 78' lang='lat' dir='ltr'>society</span> <span class='ocrx_word' id='word_1_448' title='bbox 1073 4354 1112 4427; x_wconf 86' lang='lat' dir='ltr'>of</span> <span class='ocrx_word' id='word_1_449' title='bbox 1116 4359 1275 4411; x_wconf 78' lang='lat' dir='ltr'>literature</span> <span class='ocrx_word' id='word_1_450' title='bbox 1287 4368 1357 4413; x_wconf 90' lang='lat' dir='ltr'>tom.</span> <span class='ocrx_word' id='word_1_451' title='bbox 1374 4353 1451 4423; x_wconf 84' lang='lat' dir='ltr'>l&#39;lll,</span> <span class='ocrx_word' id='word_1_452' title='bbox 1471 4356 1544 4422; x_wconf 77' lang='grc'><strong>1864</strong></span> <span class='ocrx_word' id='word_1_453' title='bbox 1560 4356 1650 4429; x_wconf 76' lang='lat' dir='ltr'>(Sontc</span> <span class='ocrx_word' id='word_1_454' title='bbox 1664 4369 1779 4411; x_wconf 80' lang='lat' dir='ltr'>account</span> <span class='ocrx_word' id='word_1_455' title='bbox 1788 4356 1858 4426; x_wconf 85' lang='lat' dir='ltr'>ofa</span> <span class='ocrx_word' id='word_1_456' title='bbox 1931 4354 1932 4411; x_wconf 59' lang='grc' dir='ltr'>ἰ</span> 
     </span>
     <span class='ocr_line' id='line_1_38' title="bbox 242 4450 1858 4531; baseline 0.005 -24"><span class='ocrx_word' id='word_1_457' title='bbox 242 4455 355 4508; x_wconf 84' lang='lat' dir='ltr'>volume</span> <span class='ocrx_word' id='word_1_458' title='bbox 370 4458 536 4527; x_wconf 80' lang='lat' dir='ltr'>containing</span> <span class='ocrx_word' id='word_1_459' title='bbox 545 4458 673 4529; x_wconf 73' lang='lat' dir='ltr'>portioris</span> <span class='ocrx_word' id='word_1_460' title='bbox 687 4450 882 4525; x_wconf 77' lang='lat' dir='ltr'>ofPtotemy&#39;s</span> <span class='ocrx_word' id='word_1_461' title='bbox 896 4454 1066 4527; x_wconf 77' lang='lat' dir='ltr'>Gcogrnplry</span> <span class='ocrx_word' id='word_1_462' title='bbox 1076 4456 1137 4509; x_wconf 76' lang='lat' dir='ltr'>{end</span> <span class='ocrx_word' id='word_1_463' title='bbox 1149 4451 1188 4525; x_wconf 84' lang='lat' dir='ltr'>of</span> <span class='ocrx_word' id='word_1_464' title='bbox 1193 4455 1240 4510; x_wconf 83' lang='lat' dir='ltr'>the</span> <span class='ocrx_word' id='word_1_465' title='bbox 1250 4454 1412 4529; x_wconf 65' lang='lat' dir='ltr'>Ge’ogrnphi</span> <span class='ocrx_word' id='word_1_466' title='bbox 1421 4453 1583 4531; x_wconf 69' lang='lat' dir='ltr'>Minorem),</span> <span class='ocrx_word' id='word_1_467' title='bbox 1595 4452 1645 4511; x_wconf 87' lang='lat' dir='ltr'>ubi</span> <span class='ocrx_word' id='word_1_468' title='bbox 1660 4455 1708 4512; x_wconf 83' lang='lat' dir='ltr'>vir</span> <span class='ocrx_word' id='word_1_469' title='bbox 1717 4454 1858 4528; x_wconf 82' lang='lat' dir='ltr'>egregius</span> 
     </span>
     <span class='ocr_line' id='line_1_39' title="bbox 244 4544 1932 4628; baseline 0.004 -25"><span class='ocrx_word' id='word_1_470' title='bbox 244 4548 329 4606; x_wconf 89' lang='lat' dir='ltr'>etiam</span> <span class='ocrx_word' id='word_1_471' title='bbox 345 4547 438 4606; x_wconf 87' lang='lat' dir='ltr'>verba</span> <span class='ocrx_word' id='word_1_472' title='bbox 450 4568 545 4625; x_wconf 75' lang='lat' dir='ltr'>graeca</span> <span class='ocrx_word' id='word_1_473' title='bbox 562 4549 713 4624; x_wconf 76' lang='lat' dir='ltr'>fragmenti</span> <span class='ocrx_word' id='word_1_474' title='bbox 728 4567 765 4605; x_wconf 85' lang='lat' dir='ltr'>ex</span> <span class='ocrx_word' id='word_1_475' title='bbox 778 4544 891 4625; x_wconf 71' lang='lat' dir='ltr'>Anaplo</span> <span class='ocrx_word' id='word_1_476' title='bbox 906 4549 1028 4625; x_wconf 88' lang='lat' dir='ltr'>Bospori</span> <span class='ocrx_word' id='word_1_477' title='bbox 1046 4550 1128 4628; x_wconf 88' lang='lat' dir='ltr'>petiti</span> <span class='ocrx_word' id='word_1_478' title='bbox 1143 4550 1309 4627; x_wconf 86' lang='lat' dir='ltr'>descripsit.</span> <span class='ocrx_word' id='word_1_479' title='bbox 1325 4550 1439 4608; x_wconf 82' lang='lat' dir='ltr'>Deinde</span> <span class='ocrx_word' id='word_1_480' title='bbox 1453 4550 1516 4628; x_wconf 88' lang='lat' dir='ltr'>ipse</span> <span class='ocrx_word' id='word_1_481' title='bbox 1532 4550 1672 4610; x_wconf 88' lang='lat' dir='ltr'>Londinii</span> <span class='ocrx_word' id='word_1_482' title='bbox 1688 4564 1779 4608; x_wconf 91' lang='lat' dir='ltr'>toturn</span> <span class='ocrx_word' id='word_1_483' title='bbox 1799 4572 1858 4610; x_wconf 91' lang='lat' dir='ltr'>co·</span> <span class='ocrx_word' id='word_1_484' title='bbox 1931 4556 1932 4559; x_wconf 72' lang='grc'>’</span> 
     </span>
    </p>
   </div>
   <div class='ocr_carea' id='block_1_15' title="bbox 244 4642 1858 4724">
    <p class='ocr_par' dir='ltr' id='par_1_16' title="bbox 244 4642 1858 4724">
     <span class='ocr_line' id='line_1_40' title="bbox 244 4642 1858 4724; baseline 0.004 -24"><span class='ocrx_word' id='word_1_485' title='bbox 244 4642 337 4702; x_wconf 73' lang='lat' dir='ltr'>ilicem</span> <span class='ocrx_word' id='word_1_486' title='bbox 350 4649 476 4705; x_wconf 83' lang='lat' dir='ltr'>excussi.</span> <span class='ocrx_word' id='word_1_487' title='bbox 494 4645 634 4704; x_wconf 82' lang='lat' dir='ltr'>Volumen</span> <span class='ocrx_word' id='word_1_488' title='bbox 652 4644 744 4716; x_wconf 91' lang='lat' dir='ltr'>illud,</span> <span class='ocrx_word' id='word_1_489' title='bbox 759 4658 792 4704; x_wconf 89' lang='lat' dir='ltr'>ut</span> <span class='ocrx_word' id='word_1_490' title='bbox 806 4664 884 4703; x_wconf 91' lang='lat' dir='ltr'>nunc</span> <span class='ocrx_word' id='word_1_491' title='bbox 899 4645 1004 4717; x_wconf 91' lang='lat' dir='ltr'>babet,</span> <span class='ocrx_word' id='word_1_492' title='bbox 1018 4648 1124 4722; x_wconf 77' lang='lat' dir='ltr'>viginti</span> <span class='ocrx_word' id='word_1_493' title='bbox 1140 4660 1168 4705; x_wconf 91' lang='lat' dir='ltr'>et</span> <span class='ocrx_word' id='word_1_494' title='bbox 1190 4667 1250 4705; x_wconf 88' lang='lat' dir='ltr'>uno</span> <span class='ocrx_word' id='word_1_495' title='bbox 1266 4659 1378 4705; x_wconf 87' lang='lat' dir='ltr'>constat</span> <span class='ocrx_word' id='word_1_496' title='bbox 1397 4647 1476 4705; x_wconf 89' lang='lat' dir='ltr'>soliis</span> <span class='ocrx_word' id='word_1_497' title='bbox 1497 4647 1743 4721; x_wconf 80' lang='lat' dir='ltr'>trierrrbrunaceis,</span> <span class='ocrx_word' id='word_1_498' title='bbox 1756 4646 1858 4724; x_wconf 86' lang='lat' dir='ltr'>longis</span> 
     </span>
    </p>
   </div>
   <div class='ocr_carea' id='block_1_16' title="bbox 245 4742 1932 4821">
    <p class='ocr_par' dir='ltr' id='par_1_17' title="bbox 245 4742 1932 4821">
     <span class='ocr_line' id='line_1_41' title="bbox 245 4742 1932 4821; baseline 0.004 -24"><span class='ocrx_word' id='word_1_499' title='bbox 245 4742 416 4801; x_wconf 89' lang='lat' dir='ltr'>centimetra</span> <span class='ocrx_word' id='word_1_500' title='bbox 429 4745 478 4813; x_wconf 65' lang='lat'>34,</span> <span class='ocrx_word' id='word_1_501' title='bbox 495 4743 561 4802; x_wconf 88' lang='lat' dir='ltr'>latis</span> <span class='ocrx_word' id='word_1_502' title='bbox 580 4744 699 4802; x_wconf 90' lang='lat' dir='ltr'>centim.</span> <span class='ocrx_word' id='word_1_503' title='bbox 717 4745 766 4815; x_wconf 82' lang='lat'>26,</span> <span class='ocrx_word' id='word_1_504' title='bbox 782 4763 848 4821; x_wconf 88' lang='lat' dir='ltr'>quae</span> <span class='ocrx_word' id='word_1_505' title='bbox 863 4761 961 4801; x_wconf 90' lang='lat' dir='ltr'>mense</span> <span class='ocrx_word' id='word_1_506' title='bbox 973 4742 1078 4801; x_wconf 86' lang='lat' dir='ltr'>Martio</span> <span class='ocrx_word' id='word_1_507' title='bbox 1099 4763 1146 4802; x_wconf 88' lang='lat' dir='ltr'>an.</span> <span class='ocrx_word' id='word_1_508' title='bbox 1168 4744 1242 4801; x_wconf 75' lang='lat'>1853</span> <span class='ocrx_word' id='word_1_509' title='bbox 1255 4744 1422 4802; x_wconf 86' lang='lat' dir='ltr'>Simonides</span> <span class='ocrx_word' id='word_1_510' title='bbox 1436 4742 1558 4803; x_wconf 73' lang='lat' dir='ltr'>Graecus</span> <span class='ocrx_word' id='word_1_511' title='bbox 1573 4743 1675 4803; x_wconf 83' lang='lat' dir='ltr'>Museo</span> <span class='ocrx_word' id='word_1_512' title='bbox 1685 4744 1857 4802; x_wconf 87' lang='lat' dir='ltr'>Britannico</span> <span class='ocrx_word' id='word_1_513' title='bbox 1931 4762 1932 4769; x_wconf 55' lang='lat'>¹</span> 
     </span>
    </p>
   </div>
   <div class='ocr_carea' id='block_1_17' title="bbox 245 4834 1855 4920">
    <p class='ocr_par' dir='ltr' id='par_1_18' title="bbox 245 4834 1855 4920">
     <span class='ocr_line' id='line_1_42' title="bbox 245 4834 1855 4920; baseline 0.002 -26"><span class='ocrx_word' id='word_1_514' title='bbox 245 4836 387 4899; x_wconf 91' lang='lat' dir='ltr'>vendidit.</span> <span class='ocrx_word' id='word_1_515' title='bbox 410 4840 465 4918; x_wconf 55' lang='grc' dir='ltr'>(Ἢ</span> <span class='ocrx_word' id='word_1_516' title='bbox 488 4841 619 4898; x_wconf 87' lang='lat' dir='ltr'>Duorum</span> <span class='ocrx_word' id='word_1_517' title='bbox 636 4841 769 4899; x_wconf 92' lang='lat' dir='ltr'>codicum</span> <span class='ocrx_word' id='word_1_518' title='bbox 786 4834 943 4920; x_wconf 80' lang='lat' dir='ltr'>particulas</span> <span class='ocrx_word' id='word_1_519' title='bbox 959 4841 1108 4898; x_wconf 90' lang='lat' dir='ltr'>continent</span> <span class='ocrx_word' id='word_1_520' title='bbox 1122 4840 1220 4899; x_wconf 86' lang='lat' dir='ltr'>eadem</span> <span class='ocrx_word' id='word_1_521' title='bbox 1238 4842 1481 4918; x_wconf 89' lang='lat' dir='ltr'>manuscriptas,</span> <span class='ocrx_word' id='word_1_522' title='bbox 1499 4862 1565 4918; x_wconf 88' lang='lat' dir='ltr'>quae</span> <span class='ocrx_word' id='word_1_523' title='bbox 1589 4840 1687 4899; x_wconf 86' lang='lat' dir='ltr'>saeculi</span> <span class='ocrx_word' id='word_1_524' title='bbox 1708 4838 1773 4897; x_wconf 84' lang='lat' dir='ltr'>Xlll</span> <span class='ocrx_word' id='word_1_525' title='bbox 1786 4842 1855 4913; x_wconf 86' lang='lat' dir='ltr'>vel,</span> 
     </span>
    </p>
   </div>
   <div class='ocr_carea' id='block_1_18' title="bbox 278 5011 1932 5079">
    <p class='ocr_par' dir='ltr' id='par_1_19' title="bbox 278 5011 1932 5079">
     <span class='ocr_line' id='line_1_43' title="bbox 278 5011 1932 5079; baseline 0.003 -18"><span class='ocrx_word' id='word_1_526' title='bbox 278 5011 309 5074; x_wconf 65' lang='grc' dir='ltr'>(Ἴ</span> <span class='ocrx_word' id='word_1_527' title='bbox 326 5032 338 5056; x_wconf 74' lang='lat' dir='ltr'>n</span> <span class='ocrx_word' id='word_1_528' title='bbox 355 5012 474 5064; x_wconf 84' lang='lat' dir='ltr'>Pluribus</span> <span class='ocrx_word' id='word_1_529' title='bbox 485 5016 516 5064; x_wconf 91' lang='lat' dir='ltr'>de</span> <span class='ocrx_word' id='word_1_530' title='bbox 527 5015 575 5064; x_wconf 88' lang='lat' dir='ltr'>hac</span> <span class='ocrx_word' id='word_1_531' title='bbox 590 5029 617 5068; x_wconf 90' lang='lat' dir='ltr'>re</span> <span class='ocrx_word' id='word_1_532' title='bbox 632 5015 768 5078; x_wconf 83' lang='lat' dir='ltr'>disputarit</span> <span class='ocrx_word' id='word_1_533' title='bbox 782 5019 809 5066; x_wconf 84' lang='lat' dir='ltr'>E.</span> <span class='ocrx_word' id='word_1_534' title='bbox 822 5015 903 5065; x_wconf 78' lang='lat' dir='ltr'>lluntk</span> <span class='ocrx_word' id='word_1_535' title='bbox 914 5014 940 5065; x_wconf 89' lang='lat' dir='ltr'>in</span> <span class='ocrx_word' id='word_1_536' title='bbox 954 5014 1060 5065; x_wconf 86' lang='lat' dir='ltr'>Butletin</span> <span class='ocrx_word' id='word_1_537' title='bbox 1076 5015 1107 5064; x_wconf 88' lang='lat' dir='ltr'>de</span> <span class='ocrx_word' id='word_1_538' title='bbox 1123 5015 1147 5064; x_wconf 89' lang='lat' dir='ltr'>la</span> <span class='ocrx_word' id='word_1_539' title='bbox 1162 5014 1240 5065; x_wconf 88' lang='lat' dir='ltr'>classe</span> <span class='ocrx_word' id='word_1_540' title='bbox 1258 5015 1556 5079; x_wconf 82' lang='lat' dir='ltr'>historico-philologique</span> <span class='ocrx_word' id='word_1_541' title='bbox 1567 5014 1598 5064; x_wconf 90' lang='lat' dir='ltr'>de</span> <span class='ocrx_word' id='word_1_542' title='bbox 1609 5012 1701 5064; x_wconf 75' lang='lat' dir='ltr'>l&#39;Acad.</span> <span class='ocrx_word' id='word_1_543' title='bbox 1713 5011 1759 5063; x_wconf 89' lang='lat' dir='ltr'>des</span> <span class='ocrx_word' id='word_1_544' title='bbox 1770 5027 1806 5065; x_wconf 87' lang='lat' dir='ltr'>sc.</span> <span class='ocrx_word' id='word_1_545' title='bbox 1824 5015 1857 5066; x_wconf 87' lang='lat' dir='ltr'>de</span> <span class='ocrx_word' id='word_1_546' title='bbox 1931 5048 1932 5057; x_wconf 66' lang='lat'>.</span> 
     </span>
    </p>
   </div>
   <div class='ocr_carea' id='block_1_19' title="bbox 248 5082 1855 5291">
    <p class='ocr_par' dir='ltr' id='par_1_20' title="bbox 248 5082 1855 5291">
     <span class='ocr_line' id='line_1_44' title="bbox 248 5082 1779 5153; baseline 0.006 -23"><span class='ocrx_word' id='word_1_547' title='bbox 248 5082 454 5148; x_wconf 71' lang='lat' dir='ltr'>S.·Petersb0urg</span> <span class='ocrx_word' id='word_1_548' title='bbox 464 5088 525 5135; x_wconf 89' lang='lat' dir='ltr'>tom.</span> <span class='ocrx_word' id='word_1_549' title='bbox 538 5088 582 5149; x_wconf 78' lang='lat' dir='ltr'>Vl,</span> <span class='ocrx_word' id='word_1_550' title='bbox 592 5099 616 5150; x_wconf 89' lang='lat' dir='ltr'>p.</span> <span class='ocrx_word' id='word_1_551' title='bbox 630 5090 738 5137; x_wconf 85' lang='grc'>373-379</span> <span class='ocrx_word' id='word_1_552' title='bbox 755 5089 807 5147; x_wconf 78' lang='grc' dir='ltr'>(νη.</span> <span class='ocrx_word' id='word_1_553' title='bbox 824 5086 908 5150; x_wconf 57' lang='lat' dir='ltr'>talah</span> <span class='ocrx_word' id='word_1_554' title='bbox 920 5090 980 5136; x_wconf 88' lang='lat' dir='ltr'>tom.</span> <span class='ocrx_word' id='word_1_555' title='bbox 990 5088 1056 5147; x_wconf 83' lang='lat' dir='ltr'>v111,</span> <span class='ocrx_word' id='word_1_556' title='bbox 1070 5100 1095 5150; x_wconf 91' lang='lat' dir='ltr'>p.</span> <span class='ocrx_word' id='word_1_557' title='bbox 1111 5091 1154 5135; x_wconf 83' lang='lat'>185</span> <span class='ocrx_word' id='word_1_558' title='bbox 1169 5099 1224 5149; x_wconf 85' lang='lat' dir='ltr'>sqq.</span> <span class='ocrx_word' id='word_1_559' title='bbox 1237 5085 1287 5149; x_wconf 86' lang='lat' dir='ltr'>(an.</span> <span class='ocrx_word' id='word_1_560' title='bbox 1303 5090 1372 5138; x_wconf 77' lang='lat'>1851)</span> <span class='ocrx_word' id='word_1_561' title='bbox 1388 5106 1399 5129; x_wconf 76' lang='grc' dir='ltr'>ν</span> <span class='ocrx_word' id='word_1_562' title='bbox 1773 5142 1779 5153; x_wconf 63' lang='grc'>,</span> 
     </span>
     <span class='ocr_line' id='line_1_45' title="bbox 279 5152 1855 5221; baseline 0.004 -20"><span class='ocrx_word' id='word_1_563' title='bbox 279 5152 444 5216; x_wconf 57' lang='lat' dir='ltr'>(³)luprima</span> <span class='ocrx_word' id='word_1_564' title='bbox 453 5156 583 5207; x_wconf 89' lang='lat' dir='ltr'>voluminis</span> <span class='ocrx_word' id='word_1_565' title='bbox 592 5158 679 5220; x_wconf 80' lang='lat' dir='ltr'>pagina</span> <span class='ocrx_word' id='word_1_566' title='bbox 691 5157 814 5207; x_wconf 87' lang='lat' dir='ltr'>Maddeuii</span> <span class='ocrx_word' id='word_1_567' title='bbox 825 5172 899 5208; x_wconf 85' lang='lat' dir='ltr'>manu</span> <span class='ocrx_word' id='word_1_568' title='bbox 915 5157 1034 5221; x_wconf 89' lang='lat' dir='ltr'>scriptum</span> <span class='ocrx_word' id='word_1_569' title='bbox 1046 5157 1135 5220; x_wconf 82' lang='lat' dir='ltr'>legitur</span> <span class='ocrx_word' id='word_1_570' title='bbox 1148 5155 1339 5206; x_wconf 70' lang='lat' dir='ltr'>:accrescant</span> <span class='ocrx_word' id='word_1_571' title='bbox 1347 5156 1381 5220; x_wconf 80' lang='lat' dir='ltr'>os</span> <span class='ocrx_word' id='word_1_572' title='bbox 1386 5160 1422 5207; x_wconf 85' lang='lat' dir='ltr'>M.</span> <span class='ocrx_word' id='word_1_573' title='bbox 1432 5158 1460 5206; x_wconf 81' lang='lat' dir='ltr'>C.</span> <span class='ocrx_word' id='word_1_574' title='bbox 1469 5156 1614 5208; x_wconf 81' lang='lat' dir='ltr'>Simonides</span> <span class='ocrx_word' id='word_1_575' title='bbox 1623 5152 1755 5219; x_wconf 74' lang='lat' dir='ltr'>(throuph.</span> <span class='ocrx_word' id='word_1_576' title='bbox 1764 5155 1800 5205; x_wconf 79' lang='lat' dir='ltr'>M.</span> <span class='ocrx_word' id='word_1_577' title='bbox 1813 5160 1855 5207; x_wconf 83' lang='lat' dir='ltr'>W.</span> 
     </span>
     <span class='ocr_line' id='line_1_46' title="bbox 250 5223 1855 5291; baseline 0.004 -21"><span class='ocrx_word' id='word_1_578' title='bbox 250 5224 278 5273; x_wconf 83' lang='lat' dir='ltr'>n.</span> <span class='ocrx_word' id='word_1_579' title='bbox 289 5223 410 5287; x_wconf 71' lang='lat' dir='ltr'>Baiter),</span> <span class='ocrx_word' id='word_1_580' title='bbox 425 5225 555 5277; x_wconf 74' lang='lat' dir='ltr'>taltorch</span> <span class='ocrx_word' id='word_1_581' title='bbox 568 5232 636 5278; x_wconf 77' lang='grc'><strong>1853,</strong></span> <span class='ocrx_word' id='word_1_582' title='bbox 647 5229 753 5278; x_wconf 76' lang='lat' dir='ltr'>loannes</span> <span class='ocrx_word' id='word_1_583' title='bbox 767 5229 868 5279; x_wconf 87' lang='lat' dir='ltr'>Yatest.</span> <span class='ocrx_word' id='word_1_584' title='bbox 880 5230 898 5279; x_wconf 92' lang='grc'>1.</span> <span class='ocrx_word' id='word_1_585' title='bbox 913 5248 920 5278; x_wconf 81' lang='lat'>2</span> <span class='ocrx_word' id='word_1_586' title='bbox 934 5228 992 5279; x_wconf 80' lang='lat' dir='ltr'>Itis</span> <span class='ocrx_word' id='word_1_587' title='bbox 1003 5230 1161 5291; x_wconf 80' lang='lat' dir='ltr'>irnportnnt,</span> <span class='ocrx_word' id='word_1_588' title='bbox 1175 5227 1263 5290; x_wconf 87' lang='lat' dir='ltr'>inquit,</span> <span class='ocrx_word' id='word_1_589' title='bbox 1276 5230 1302 5276; x_wconf 85' lang='lat' dir='ltr'>to</span> <span class='ocrx_word' id='word_1_590' title='bbox 1316 5226 1432 5290; x_wconf 74' lang='lat' dir='ltr'>obseram,</span> <span class='ocrx_word' id='word_1_591' title='bbox 1445 5228 1503 5278; x_wconf 80' lang='lat' dir='ltr'>ctat</span> <span class='ocrx_word' id='word_1_592' title='bbox 1517 5226 1561 5278; x_wconf 82' lang='lat' dir='ltr'>the</span> <span class='ocrx_word' id='word_1_593' title='bbox 1574 5228 1693 5278; x_wconf 79' lang='lat' dir='ltr'>contenta</span> <span class='ocrx_word' id='word_1_594' title='bbox 1705 5223 1738 5289; x_wconf 71' lang='lat' dir='ltr'>os</span> <span class='ocrx_word' id='word_1_595' title='bbox 1746 5223 1790 5277; x_wconf 86' lang='lat' dir='ltr'>the</span> <span class='ocrx_word' id='word_1_596' title='bbox 1804 5240 1855 5276; x_wconf 81' lang='lat' dir='ltr'>uo·</span> 
     </span>
    </p>
   </div>
   <div class='ocr_carea' id='block_1_20' title="bbox 247 5293 1859 5427">
    <p class='ocr_par' dir='ltr' id='par_1_21' title="bbox 247 5293 1859 5427">
     <span class='ocr_line' id='line_1_47' title="bbox 247 5293 1859 5415; baseline 0.006 -74"><span class='ocrx_word' id='word_1_597' title='bbox 247 5293 551 5415; x_wconf 49' lang='lat' dir='ltr'>pcrrtedtpere‘pattuered</span> <span class='ocrx_word' id='word_1_598' title='bbox 566 5298 598 5361; x_wconf 74' lang='lat' dir='ltr'>tn</span> <span class='ocrx_word' id='word_1_599' title='bbox 615 5301 660 5349; x_wconf 81' lang='lat' dir='ltr'>Dr.</span> <span class='ocrx_word' id='word_1_600' title='bbox 674 5300 823 5351; x_wconf 76' lang='lat' dir='ltr'>simonides</span> <span class='ocrx_word' id='word_1_601' title='bbox 838 5304 863 5351; x_wconf 88' lang='lat' dir='ltr'>to</span> <span class='ocrx_word' id='word_1_602' title='bbox 879 5300 924 5351; x_wconf 80' lang='lat' dir='ltr'>the</span> <span class='ocrx_word' id='word_1_603' title='bbox 940 5297 1040 5351; x_wconf 83' lang='lat' dir='ltr'>Brttlsh</span> <span class='ocrx_word' id='word_1_604' title='bbox 1051 5302 1173 5350; x_wconf 77' lang='lat' dir='ltr'>Muscam</span> <span class='ocrx_word' id='word_1_605' title='bbox 1191 5302 1219 5349; x_wconf 86' lang='lat' dir='ltr'>tn</span> <span class='ocrx_word' id='word_1_606' title='bbox 1237 5295 1366 5350; x_wconf 84' lang='lat' dir='ltr'>detechcd</span> <span class='ocrx_word' id='word_1_607' title='bbox 1384 5301 1517 5363; x_wconf 79' lang='lat' dir='ltr'>portiom,</span> <span class='ocrx_word' id='word_1_608' title='bbox 1536 5298 1590 5350; x_wconf 82' lang='lat' dir='ltr'>urtd</span> <span class='ocrx_word' id='word_1_609' title='bbox 1607 5311 1674 5349; x_wconf 82' lang='lat' dir='ltr'>acere</span> <span class='ocrx_word' id='word_1_610' title='bbox 1694 5294 1859 5360; x_wconf 73' lang='lat' dir='ltr'>oltscuurds</span> 
     </span>
     <span class='ocr_line' id='line_1_48' title="bbox 262 5375 501 5427; baseline -0.004 -16"><span class='ocrx_word' id='word_1_611' title='bbox 262 5375 315 5413; x_wconf 81' lang='lat' dir='ltr'>oua</span> <span class='ocrx_word' id='word_1_612' title='bbox 358 5377 404 5427; x_wconf 75' lang='lat' dir='ltr'>ope</span> <span class='ocrx_word' id='word_1_613' title='bbox 435 5377 473 5415; x_wconf 87' lang='lat' dir='ltr'>er.</span> <span class='ocrx_word' id='word_1_614' title='bbox 489 5386 501 5410; x_wconf 71' lang='grc' dir='ltr'>ο</span> 
     </span>
    </p>
   </div>
   <div class='ocr_carea' id='block_1_21' title="bbox 0 0 1954 6036">
    <p class='ocr_par' dir='ltr' id='par_1_22' title="bbox 0 0 1954 6036">
     <span class='ocr_line' id='line_1_49' title="bbox 0 0 1954 6036; baseline 0 0"><span class='ocrx_word' id='word_1_615' title='bbox 0 0 1954 6036; x_wconf 95' lang='lat' dir='ltr'> </span> 
     </span>
    </p>
   </div>
  </div>
 </body>
</html>
