3906 6034
262 514 302 572 70
679 507 880 570 CRITOBULI
900 507 1165 571 HISTORIARUM
1185 509 1259 570 ΗΒ.
1285 511 1309 583 Ι,
1333 511 1436 570 iri-m.

262 643 314 723 γδιρ
328 640 557 723 παρατεθήσεσθαι
569 640 722 720 πολιορκίαν
738 644 826 709 αὐτοῖς
836 640 916 721 μέχρι
926 644 1033 715 πολλοῦ,
1088 648 1106 716 i,
1121 650 1216 721 πεῖρα,
1232 641 1262 701 αἳ
1276 644 1322 701 καὶ
1337 643 1368 700 τὸ
1381 650 1434 700 πᾶν
1446 641 1605 716 ἐδυνήθησαν
1637 640 1850 720 κατεργάσασθαι
1938 676 1939 703 ι

264 731 311 792 καί
327 730 364 808 μί,
384 730 410 799 ἐξ
431 730 573 810 ἐπιδρομῆς
599 728 644 809 βίφ
662 728 752 797 όπλοις
773 730 874 789 ἁλῶναι
894 730 943 803 διν,
966 725 1035 810 ᾗπερ
1130 730 1210 793 xxi.
1235 729 1293 810 Πρὸ
1313 729 1419 789 πάντων
1440 728 1469 788 δὲ
1490 730 1537 788 τοῦ
1558 733 1682 788 ναυτικοῦ
1707 730 1867 805 ίπεμίλετο,
1938 798 1939 809 .

264 818 413 900 ίόλωσαν),
436 822 514 877 τοῦτο
534 816 562 875 δδ
581 817 655 896 παρδι
675 818 720 876 τὸν
741 816 825 896 μέγαν
843 817 970 897 ἀρχιερέα
989 823 1037 890 τῆς
1089 818 1203 900 τριήρεις
1224 815 1271 886 τδς
1282 816 1331 895 μίν
1347 820 1377 876 ἐκ
1395 816 1453 876 νόου
1473 816 1701 896 ναυπηγούμενος,
1716 817 1805 883 τὰσδὲ
1825 821 1864 897 τῷ

262 907 385 984 Ῥώμης,
397 896 419 987 ᾧ
431 904 476 964 καί
488 906 589 981 μᾶλλον
598 895 668 985 εἶχον
679 905 796 986 θαρρεῖν,
813 905 852 964 ίτι
867 906 894 963 δέ
907 906 954 965 καὶ
964 906 1036 986 παρδι
1091 905 1178 986 χρόνῳ
1191 904 1370 972 πεπονηκυίας
1380 909 1511 984 ἀνορθῶν,
1522 905 1569 972 υθς
1581 905 1611 964 δέ
1623 904 1778 986 διαόρόχους
1786 905 1870 974 ούσας
1938 942 1939 957 ι

263 994 323 1061 τούς
345 995 440 1061 ἄλλους
462 991 593 1072 ἡγεμόνας
613 998 660 1064 τῆς
680 992 797 1058 Ἰταλίας
812 992 858 1052 καὶ
879 996 931 1052 τῶν
946 994 1033 1053 ἄλλων
1091 993 1225 1055 ιἰνακεύων
1245 993 1291 1053 καί
1305 993 1470 1076 θεραπεύων·
1485 996 1525 1053 ἔτι
1541 993 1570 1053 δὲ
1582 996 1662 1054 πλοῖα
1676 994 1768 1076 μακρθ
1790 1018 1868 1055 κατε·
1938 994 1939 1063 3

264 1082 392 1163 {auspiciu
418 1085 518 1160 γενῶν,
540 1081 658 1159 δεόμενοι
680 1079 836 1160 ξυμμαχίας
857 1104 886 1141 τε
906 1082 952 1141 καί
975 1083 1034 1141 ἐπι·
1091 1082 1215 1155 σκεύαζε,
1237 1080 1269 1139 τύ
1291 1080 1384 1142 δὲκαὶ
1401 1082 1592 1162 κατάφρακτοι,
1606 1083 1651 1141 καί
1673 1083 1784 1164 ταχείας
1802 1089 1866 1151 ναῦς
1938 1096 1939 1161 3

264 1171 370 1251 κουρίας
384 1169 433 1242 τὴν
447 1170 575 1249 ταχίστην
588 1177 694 1249 τυχεῖν,
705 1168 731 1227 εί
744 1192 773 1248 γε
791 1168 829 1244 μὴ
850 1169 970 1247 μέλλοιεν
979 1195 1036 1230 κεν·
1091 1172 1288 1250 τριακοντόρους
1300 1194 1329 1230 τε
1342 1170 1389 1232 καί
1400 1172 1637 1250 πεντηκοντόρους,
1654 1170 1700 1228 καί
1715 1169 1764 1243 τὴν
1780 1173 1865 1245 ἄλλην

265 1260 394 1320 δυνεύσειν
406 1261 433 1316 ἐν
448 1260 521 1337 αίκμῇ
540 1256 663 1317 κινδύνων
687 1256 739 1329 ἤδη
759 1258 960 1330 καθεστηκότες.
984 1260 1036 1319 Καί
1094 1260 1122 1318 δέ
1136 1257 1243 1317 ἅπασαν
1264 1259 1362 1319 τούτων
1383 1259 1524 1331 ἐπισκευήν
1539 1282 1568 1319 τε
1587 1259 1633 1317 καὶ
1649 1259 1741 1339 χρείαν
1761 1262 1872 1336 {torpui-

264 1347 349 1425 οἱμὲν
365 1351 390 1407 ἐν
402 1346 502 1413 τούτοις
518 1337 596 1419 ἦσαν.
1095 1350 1145 1416 ζων
1158 1369 1187 1406 τε
1198 1338 1230 1419 ἦν
1245 1347 1290 1406 καί
1305 1348 1483 1428 διορθούμενος
1496 1348 1536 1407 ότι
1550 1337 1680 1427 τάχιοτα,
1693 1347 1806 1424 μηδενὸς
1817 1353 1873 1408 τῶν

306 1437 370 1497 XX.
384 1432 514 1501 Βασιλεύς
526 1432 554 1492 δὲ
571 1432 737 1514 Μεχίμετις,
756 1432 847 1505 ἐπειδὴ
859 1433 903 1492 τδν
921 1434 1037 1509 πόλεμον
1095 1439 1122 1502 ἐς
1135 1441 1210 1495 τοῦτο
1229 1435 1359 1514 φερόντων
1371 1435 1532 1517 φειδόμενος.
1577 1438 1611 1513 (⁹3
1635 1435 1704 1514 Πρὸς
1720 1435 1749 1494 it
1766 1436 1870 1503 τούτοις

264 1527 393 1602 λαμπρῶς
409 1521 544 1601 ἐξήνεγκεν
565 1521 691 1595 ἤδη,καδ
705 1525 757 1580 τῶν
779 1520 830 1590 ἐξω
846 1520 881 1580 et
896 1520 944 1598 μὲν
958 1521 1038 1581 κατί-
1094 1522 1215 1584 ναυτικὸν
1240 1521 1371 1600 ξυνίλεγεν
1400 1527 1430 1583 ἐκ
1452 1524 1541 1595 πόσης
1563 1528 1610 1595 τῆς
1631 1525 1709 1582 αὐτοῦ
1733 1524 1874 1604 παραλίας
1938 1514 1939 1603 3

266 1616 349 1692 δραμε
363 1613 409 1672 καί
422 1610 566 1689 διήρπασε,
580 1611 614 1670 τδ
629 1611 656 1670 δὲ
671 1610 828 1684 ἀπέστησε,
843 1611 878 1670 u
889 1610 917 1669 δί
928 1611 1039 1691 ἐχειριύ-
1094 1613 1218 1685 Ἀσιανῆς
1228 1638 1257 1673 τε
1273 1611 1319 1672 καί
1333 1612 1509 1691 reposceret,
1531 1611 1621 1692 ἐρίσας
1641 1634 1671 1670 τε
1684 1613 1729 1671 καί
1747 1614 1873 1693 θρανίτας

266 1723 342 1774 σατο,
355 1699 566 1779 παρεσκευάζετο
578 1690 687 1778 ἅμαῆρε
700 1698 746 1760 καί
760 1702 828 1777 αὐτῇ
839 1703 872 1779 τῇ
883 1699 961 1758 πόλει
971 1699 1040 1759 κατδι
1093 1699 1140 1759 καί
1154 1702 1297 1779 θαλαμίους
1311 1701 1357 1760 καί
1367 1700 1427 1767 τοῦς
1436 1701 1480 1761 ἐπὶ
1492 1703 1544 1760 τῶν
1557 1700 1791 1780 καταστρωμάτων
1803 1704 1871 1759 ἐπι-

266 1794 314 1867 γῆν
325 1789 372 1849 καί
384 1788 520 1849 θάλασσαν
534 1787 707 1870 προσόαλεῖν.
750 1787 784 1868 (ε)
804 1786 859 1848 Καὶ
877 1792 970 1867 πρῶτα
990 1787 1039 1865 μίν
1093 1789 1253 1868 λεγόμενος,
1267 1789 1306 1849 ἐτι
1322 1787 1349 1847 δέ
1366 1789 1528 1870 κυόερνήτας
1549 1787 1595 1847 καί
1609 1788 1766 1864 κελευστὰς,
1791 1810 1872 1868 τριη·

267 1876 359 1955 ξυνῆγε
380 1876 428 1944 τδις
450 1878 571 1952 δυναίμεες
592 1876 641 1936 καί
660 1875 818 1956 ζυνεκρότει,
840 1875 886 1934 καὶ
910 1877 944 1935 τὰ
961 1899 1041 1956 στρα·
1098 1874 1210 1956 ρύρχους
1225 1899 1254 1935 τε
1273 1877 1320 1936 καλ
1340 1876 1487 1957 ναυάρχους
1504 1876 1550 1935 καί
1573 1876 1748 1956 στρατηγούς·
1766 1876 1817 1936 καί
1841 1877 1876 1936 τὰ
1938 1868 1939 1925 ί

266 1963 387 2042 τεύματα
406 1965 570 2043 πανταχόθεν
595 1964 757 2045 ζυνήθροιζεν
782 1962 811 2022 lx
832 1986 862 2022 τε
879 1963 969 2032 Ἄσίας
994 1963 1040 2023 καί
1100 1965 1167 2023 ἄλλα
1189 1965 1217 2025 δέ
1236 1965 1403 2047 πληρώματα
1427 1969 1556 2026 τῶυνεῦεν
1571 1964 1639 2045 μετδι
1659 1966 1759 2039 πολλῆς
1776 1970 1878 2044 ἐπιμε-

270 2052 417 2133 Εύρώπης,
433 2054 531 2112 ἱππικοί
543 2070 573 2111 τε
591 2053 636 2112 καί
650 2050 761 2121 πεζεκδι,
782 2052 821 2110 ἔτι
837 2050 864 2111 δέ
879 2052 991 2117 ύπλίτας
1014 2074 1042 2110 τε
1098 2052 1170 2122 λείας
1183 2075 1212 2111 τε
1226 2054 1272 2113 καί
1284 2056 1399 2124 σπουδῆς
1412 2052 1573 2133 ἐξεπλήρου·
1587 2052 1666 2112 πλόον
1682 2053 1733 2132 γὰρ
1749 2054 1876 2134 ἰσχύσειν
1938 2048 1939 2143 3

269 2142 315 2204 καί
328 2139 437 2209 τοξότας
448 2140 495 2200 καὶ
508 2139 681 2220 σφενδονήτας
692 2138 826 2215 κατέλεγε,
835 2137 881 2195 καί
891 2136 1044 2206 ἀκοντιστὰς
1101 2141 1126 2203 ἐς
1139 2141 1187 2212 τὴν
1202 2140 1355 2220 πολιορκίαν
1370 2164 1397 2200 τε
1409 2142 1454 2200 καί
1469 2141 1513 2200 τίεν
1528 2141 1734 2217 πολεμονέδύκει
1745 2144 1783 2222 τῷ
1804 2144 1878 2204 κατδ
1938 2150 1939 2221 3

268 2228 314 2287 καί
333 2237 422 2286 πᾶσαν
454 2229 537 2298 όλλην
566 2227 638 2297 τάξιν
662 2225 799 2298 ἐξήταζεν,
828 2224 897 2284 όπλα
912 2248 941 2285 τε
964 2248 1044 2284 κατε·
1099 2226 1234 2287 θάλασσαν
1247 2228 1391 2309 ναυτικῷῆ
1406 2234 1439 2309 τῇ
1455 2228 1525 2289 κατδι
1543 2235 1594 2307 γῆν
1611 2239 1740 2311 στρατιᾷ,
1760 2231 1809 2295 καί
1834 2232 1879 2292 διὰ
1938 2284 1939 2307 ,

270 2315 393 2385 σκεύαζεν
404 2317 429 2383 ἐς
439 2316 584 2397 ἐσφόλειαν
595 2316 647 2372 τῶν
657 2312 881 2391 προμαχομένων,
893 2313 1006 2379 ἀσπίδας
1016 2336 1045 2372 τε
1098 2322 1176 2375 τοῦτο
1189 2317 1220 2377 τί)
1231 2317 1310 2376 πλέον
1322 2318 1396 2393 ἐνεμε
1409 2323 1456 2390 τῆς
1472 2317 1623 2389 ἐπιμελείας
1637 2320 1723 2397 αύτῷ,
1739 2320 1786 2378 καί
1798 2320 1878 2400 παίσῃ
1938 2322 1939 2393 3

271 2404 317 2464 καὶ
331 2407 415 2483 κράνη
432 2404 477 2463 καί
488 2401 608 2484 θώρακας
623 2403 668 2462 καὶ
683 2402 787 2483 θυρεούς
803 2402 895 2471 ἔξωθεν
913 2402 1043 2482 καταφρύ·
1099 2407 1200 2482 σπουδῇ
1219 2406 1265 2465 καί
1283 2407 1433 2486 προθυμίη,
1445 2406 1555 2488 προσέτι
1566 2429 1596 2487 γε
1612 2404 1664 2481 μὴν
1678 2407 1724 2465 καί
1737 2409 1880 2489 φιλοτιμία
1938 2396 1939 2487 3

272 2517 347 2561 κτους
362 2494 480 2575 σιδήρῳ,
498 2492 562 2572 πρὸς
576 2493 604 2553 δὲ
619 2492 683 2573 βελη
697 2514 728 2550 τε
741 2491 787 2549 καὶ
801 2490 908 2550 ἀκόντια
921 2490 967 2549 καί
983 2489 1043 2571 ξίφη
1098 2492 1162 2570 πρὸς
1182 2493 1213 2552 τὸ
1237 2493 1311 2573 ἔργον
1328 2495 1441 2574 ἐχρῆτο,
1462 2492 1592 2575 προύργου
1614 2518 1639 2552 τε
1660 2499 1737 2553 τοῦτο
1759 2497 1878 2573 νομίζων
1938 2500 1939 2521 3

271 2583 316 2643 καὶ
345 2578 394 2643 όεα
420 2584 488 2642 όλλα
508 2587 532 2642 ot
551 2588 575 2649 ἐς
604 2579 778 2663 τειχομαχίαν
800 2578 884 2640 ἐδόκει
909 2579 1043 2650 ἐπιτήδεια
1100 2572 1174 2640 εἶναι.
1938 2578 1939 2609 ί

272 2662 338 2729 εἶναι
350 2671 436 2731 πάντα
449 2672 517 2748 μετδ
530 2673 628 2743 πολλῆς
640 2675 721 2731 ἐποίει
736 2672 862 2743 σπουδῆς·
873 2667 936 2750 πρὸς
946 2666 974 2730 δέ
985 2666 1044 2730 τού·
1140 2672 1236 2734 xxii.
1257 2669 1304 2730 Ἐν
1314 2669 1414 2738 τούτοις
1428 2670 1451 2729 δ’
1463 2669 1534 2738 όντος
1544 2673 1624 2730 αὐτοῦ
1642 2672 1688 2731 καί
1702 2694 1882 2752 παρασκευα·
1938 2686 1939 2733 t

272 2784 325 2827 τοις
339 2761 461 2840 μηχανὰς
483 2759 658 2830 κατεσκεύαζε
678 2763 717 2840 τῷ
732 2760 814 2838 τείχει
834 2758 975 2831 παντοίας,
997 2760 1045 2826 τός
1090 2762 1209 2837 ’ζομένου
1222 2750 1364 2840 χἐιμῶνος,
1379 2758 1468 2821 καὶτὸ
1485 2760 1532 2840 ἐαρ
1546 2758 1684 2843 ύπίφαινεν
1699 2756 1770 2831 ἤδη,
1784 2760 1875 2828 καίδς
1938 2778 1939 2849 p

271 2872 299 2908 τε
315 2849 396 2917 ἄλλας
408 2850 454 2908 καί
467 2849 514 2918 τδις
529 2849 700 2929 πετροόύλους
711 2847 743 2920 δὴ
754 2847 850 2916 ταύτας
867 2847 941 2928 (καὶ)
954 2846 1046 2906 νεωτέ·
1101 2847 1175 2915 εὐθὺς
1189 2848 1235 2915 τθις
1257 2850 1305 2924 μὲν
1320 2855 1382 2913 ναῦς
1397 2849 1592 2932 παρεσκεύαζεν
1615 2854 1642 2916 ἐς
1662 2847 1805 2930 ἀναγωγὴν
1828 2851 1883 2912 ἀπὸ
1938 2872 1939 2927 3

273 2962 330 3021 ρας,
345 2947 456 3017 πρᾶγμα
472 2936 541 3007 ξίνον
555 2937 600 2997 καί
613 2941 649 3005 είς
667 2935 746 3009 ἀκοὴν
762 2937 885 3010 ἄπιστον,
906 2939 942 3003 ύις
955 2935 1048 3004 ἔδειξεν
1105 2937 1322 3005 Καλλιουπύλεως
1346 2939 1415 3019 [ἐκεῖ
1433 2937 1485 3017 γδιρ
1507 2931 1575 3012 ἦσαν
1597 2940 1669 3018 αύτῷ
1687 2938 1879 3021 ξυνηγμέναι),

272 3108 315 3171 qui
334 3107 359 3157 ’ω
373 3108 521 3157 testamento
539 3120 584 3155 suo
598 3105 665 3168 apuu
680 3104 817 3154 irancuum
832 3104 886 3154 vna
897 3103 992 3154 nicom
1006 3106 1038 3163 ν,
1053 3104 1097 3154 nu.
1115 3108 1129 3153 ε
1144 3108 1248 3164 (urunt.
1261 3108 1306 3165 ru,
1320 3113 1345 3167 ε,
1363 3119 1389 3169 p.
1403 3105 1464 3169 ωε)
1479 3106 1510 3155 ω
1529 3105 1569 3155 nis
1585 3105 1621 3156 nn
1635 3104 1709 3156 muer
1728 3109 1884 3160 :comean-
1938 3094 1939 3153 i

274 3181 324 3229 tint
336 3179 501 3239 imperatoris
515 3177 674 3235 oratoribus,
682 3179 725 3240 qui
737 3175 775 3224 ad
786 3189 833 3225 nos
847 3175 1008 3238 impetrandi
1021 3174 1123 3238 fauoris
1134 3178 1222 3235 qratia
1232 3178 1366 3238 uerterant,
1379 3178 1457 3227 ctara
1466 3178 1490 3225 ei
1502 3179 1596 3241 operta
1606 3179 1775 3241 responsione
1786 3183 1884 3231 omnia
1938 3158 1939 3243 3

269 3247 397 3312 praesidia
417 3249 508 3296 nostra
524 3247 628 3307 partim
638 3247 834 3308 pecuniarum,
862 3246 964 3308 partim
987 3246 1150 3309 triremium,
1167 3247 1269 3308 partim
1290 3246 1457 3298 ἐπεκτείναντα
1479 3248 1659 3306 exercituum,
1677 3249 1780 3308 parata
1800 3252 1829 3298 et
1853 3254 1883 3300 εἰι
1938 3250 1939 3313 ]

270 3319 400 3383 promptu
412 3328 466 3365 esse
477 3314 586 3378 foreque
595 3313 810 3377 siqntficaotums,
820 3316 844 3361 et
855 3318 919 3376 quio
931 3316 1023 3364 nostra
1031 3314 1164 3364 duntaxat
1172 3315 1291 3366 subsidio
1302 3316 1338 3366 od
1347 3316 1496 3366 arcendam
1507 3319 1533 3365 ei
1545 3315 1720 3366 amovendam
1733 3329 1751 3364 α
1764 3322 1885 3370 cervici-
1938 3318 1939 3339 ³

274 3388 381 3445 θυεευιε
393 3385 552 3434 obstinatam
566 3384 643 3434 itiam
655 3386 694 3433 tot
708 3385 867 3432 immanium
880 3386 1071 3448 tantarumque
1083 3384 1261 3435 tartarorum
1274 3386 1390 3449 pentium
1406 3386 1565 3437 ούειιθοιεσια
1577 3397 1743 3450 nequaquam
1755 3386 1886 3451 sufficere
1938 3384 1939 3387 ’

272 3470 349 3522 posse
369 3455 576 3514 arbitrabamur,
593 3457 759 3512 monuimus,
782 3455 812 3503 ut
826 3452 864 3502 act
877 3455 988 3504 celerem
1007 3454 1145 3517 quondam
1164 3457 1281 3505 otiorum
1293 3454 1509 3507 christianorum
1521 3455 1650 3520 favorum
1666 3457 1886 3520 impetrationem

275 3530 398 3581 antinum
409 3527 577 3589 recentemque
590 3526 767 3585 conuerteret,
782 3537 814 3573 oc
831 3524 948 3574 suisiata
966 3527 1057 3575 nostra
1076 3528 1151 3577 centn
1168 3528 1193 3575 ct
1208 3538 1274 3576 ocra
1295 3528 1433 3590 tamquam
1440 3527 1527 3577 solida
1537 3527 1657 3591 queam
1665 3529 1821 3579 ceterorum
1830 3544 1885 3581 om·

274 3604 351 3651 urum
361 3597 542 3663 fundamenta
551 3608 655 3660 semper
664 3598 766 3658 parata
778 3608 831 3645 csse
841 3596 1011 3659 trotettiqerct,
1019 3600 1106 3662 sieque
1115 3600 1144 3647 tn
1152 3596 1221 3646 hunc
1230 3597 1339 3647 modum
1349 3600 1441 3648 nostro
1453 3601 1561 3648 nomine
1574 3597 1637 3648 airu
1652 3599 1822 3662 principibus
1841 3616 1885 3652 rc·

275 3671 399 3735 priusque
410 3667 579 3718 denuntiaret
583 3703 641 3716 ......
652 3668 684 3716 nt
698 3677 778 3728 quum
792 3668 910 3715 oratores
919 3670 1025 3716 nonnisi
1038 3668 1177 3730 quaerentia
1185 3679 1312 3730 responso
1321 3668 1482 3731 retulissent,
1493 3683 1523 3718 re
1541 3668 1641 3732 insecta
1656 3667 1755 3718 acinos
1768 3672 1884 3723 metere.

275 3745 336 3793 iimo
354 3752 399 3802 ego
414 3737 530 3800 exscripsi
542 3736 726 3787 exziniciscnii
739 3736 798 3786 hist.
815 3735 874 3799 imp.
893 3750 955 3785 osm.
974 3741 996 3797 1,
1008 3752 1031 3800 p.
1047 3743 1104 3800 321,
1120 3737 1164 3787 ubi
1176 3737 1241 3787 uide.
1252 3737 1321 3787 Misit
1331 3739 1437 3802 pontifex
1456 3739 1578 3788 Isidorum
1593 3738 1755 3800 cardinalem,
1771 3741 1820 3803 qui
1837 3745 1886 3794 Ge·

275 3810 363 3864 nuensi
378 3822 440 3859 neue
455 3807 690 3871 Constantinopolim
713 3807 780 3857 uenit
796 3820 880 3857 mense
903 3808 1035 3858 Nouembri
1053 3810 1219 3873 1152(1)ιιοεε
1229 3822 1254 3872 p.
1268 3813 1322 3867 253,
1336 3812 1375 3870 9).

306 3881 382 3945 ΧΗ
396 3886 417 3929 1.
432 3878 578 3943 Μεχὲμιτις]
589 3878 629 3928 Sic
645 3878 719 3928 ctiam
727 3877 751 3927 in
766 3891 820 3940 sqq.
843 3891 869 3928 c.
887 3883 926 3927 23.
939 3882 978 3927 31.
997 3884 1036 3928 35.
1053 3884 1132 3929 3312
1149 3883 1174 3929 ct
1189 3879 1279 3943 passim
1292 3893 1380 3929 nomen
1390 3879 1455 3943 regis
1467 3883 1592 3930 oneretur.
1608 3879 1618 3943 ΙΙ
1636 3905 1664 3921 —
1674 3884 1722 3928 τῶν
1737 3882 1783 3935 ἔξω
1798 3884 1831 3932 τὰ
1843 3888 1886 3947 μὲν

275 3954 405 4015 κατέδραμε
417 3951 475 4013 etc}
490 3949 576 4000 vicino
587 3948 656 3999 urbis
665 3952 722 3998 unte
731 3947 890 3998 Meotiemetis
903 3948 1036 3998 adrentum
1053 3951 1179 4000 Coruinius
1192 3953 1340 4000 vastaverat.
1359 3955 1394 4001 V.
1412 3953 1475 4000 Duo.
1490 3965 1515 4013 p.
1529 3955 1583 4009 233,
1600 3956 1623 4001 3.
1634 3950 1772 4000 Phreutaes
1781 3964 1809 4014 p.
1830 3959 1886 4016 236,

278 4028 315 4072 iti.
325 4021 488 4071 Chnicocond.
502 4036 525 4084 p.
534 4024 589 4080 333,
603 4025 625 4068 1.
641 4018 712 4081 3!-§
722 4027 744 4069 2.
753 4021 794 4076 τὰς
801 4019 1071 4084 πετροθόλους]Βεεί>ειυ
1081 4026 1105 4084 p.
1120 4025 1135 4070 3
1148 4041 1154 4072 ι
1170 4019 1217 4070 Del
1227 4032 1304 4070 meuc
1319 4020 1351 4071 de
1362 4024 1460 4072 Fevrcr
1472 4021 1499 4071 et
1509 4023 1594 4072 rucco
1604 4022 1726 4071 comenuo
1737 4034 1757 4070 α
1765 4025 1888 4076 manetur

277 4093 302 4143 te
315 4107 361 4142 suc
372 4091 582 4142 tarrrbaruicnoso
597 4091 827 4153 Constantinopoli
840 4091 1039 4155 acompaqnode
1051 4104 1100 4142 con
1117 4090 1214 4142 turcii
1229 4091 1412 4142 dieucmtltio.
1424 4091 1557 4142 Phruutres
1567 4106 1591 4156 p.
1606 4097 1660 4153 237,
1679 4098 1711 4141 5:
1724 4090 1829 4156 'chpm
1842 4099 1888 4161 γὰρ
1938 4090 1939 4099 ’

277 4163 412 4221 mittitote
428 4163 526 4217 πολλάς..
539 4162 563 4217 ἐξ
582 4163 659 4209 αὐτῶν
671 4162 696 4210 δι’
714 4178 773 4217 τινες
784 4167 898 4211 τοσούτου
912 4165 1019 4227 ὑπῆρχον
1031 4165 1065 4219 είς
1078 4163 1186 4226 μέγεθος,
1208 4163 1235 4218 e:
1252 4162 1296 4211 οὐκ
1308 4162 1417 4229 ἐδύναντο
1436 4161 1612 4225 τεσσαράκοντα
1630 4163 1700 4224 ζεύγη
1720 4163 1788 4222 βοῶν
1807 4168 1887 4229 σύρειν

277 4232 378 4290 ἐκύει-ην
400 4233 477 4280 αὐτῶν
493 4234 508 4290 ἢ
525 4235 565 4280 καὶ
581 4233 727 4290 πεντήκοντα
743 4234 811 4294 ζεύγη
824 4234 864 4281 καὶ
874 4234 943 4282 πλέον
958 4234 1028 4291 ῆδύο
1039 4232 1140 4296 χιλιάδες
1154 4234 1290 4297 ἀνθρώπων.
1306 4236 1343 4282 Do
1355 4232 1490 4282 bomburdn
1504 4232 1621 4293 muuirntr,
1632 4245 1707 4295 quum
1722 4231 1886 4301 nitimur

277 4304 392 4356 urbanus
405 4305 535 4366 iiungnrus
547 4304 638 4353 iecerat
648 4307 686 4362 (ν.
698 4306 780 4353 Ducus
790 4319 814 4367 p.
835 4307 879 4354 247
894 4307 920 4355 ot
932 4309 986 4356 249.
999 4305 1161 4355 Ghuioocond.
1181 4319 1209 4368 p.
1224 4304 1298 4368 385),
1311 4304 1345 4354 ita
1358 4304 1435 4355 habet
1448 4307 1531 4354 Duces
1543 4318 1568 4368 p.
1581 4309 1627 4355 258
1639 4325 1645 4354 ε
1659 4306 1708 4353 Τοῦ
1719 4306 1888 4371 ύαΰρουαρίω

276 4376 386 4440 ἄρξαντος
407 4374 513 4423 ἐκελευσε
530 4376 571 4433 τὴν
588 4375 688 4437 χωνείαν
710 4377 908 4437 μετακομισθῆναι
927 4377 951 4424 ἐν
964 4375 1270 4440 τῇΚωυσταντινουπόλει,
1287 4377 1326 4423 καὶ
1343 4378 1420 4432 ζεύξας
1442 4376 1531 4437 ἁμάξας
1552 4375 1692 4439 τριάκοντα,
1716 4374 1798 4426 είλκον
1815 4378 1887 4436 ὠπὴν

276 4446 406 4497 tructanni
420 4445 438 4500 ξ’
450 4445 511 4508 βόες,
521 4447 582 4507 λέγω
592 4446 645 4508 βόες
655 4448 717 4507 βοῶν
731 4445 863 4508 (Leonurcl.
877 4445 974 4495 chiens.
984 4461 1010 4509 p.
1023 4451 1070 4496 313
1082 4465 1088 4495 :
1099 4458 1181 4510 quam
1195 4449 1242 4495 uic
1253 4444 1331 4494 bourn
1341 4448 1531 4509 quinquaqinta
1539 4448 1645 4495 centum
1653 4444 1724 4506 jupa
1736 4448 1886 4511 υεαεῠαειη·

275 4519 317 4568 καὶ
337 4519 365 4567 ἐκ
380 4518 481 4577 πλαγίου
493 4522 538 4576 ,τῆς
550 4518 648 4580 χωνείας
660 4518 740 4581 ἀνδρες
753 4517 785 4578 α’,
795 4519 835 4566 καί
848 4520 879 4573 εἷς
890 4520 917 4566 τὸ
927 4519 998 4567 ἓνκαὶ
1011 4520 1044 4574 εἰς
1056 4519 1083 4567 τὸ
1098 4521 1188 4578 ἕτερον,
1197 4523 1239 4566 τού
1247 4519 1322 4566 erun
1335 4517 1377 4565 καὶ
1389 4518 1481 4573 ἐξισούν
1504 4518 1592 4577 αύτήν,
1605 4516 1645 4565 ἵνα
1662 4517 1696 4578 μη
1706 4517 1835 4578 ὀλισθήσεε
1846 4527 1887 4569 τοῦ

276 4589 379 4654 δρόμου·
396 4588 436 4635 καὶ
449 4588 579 4649 ἔμπροσθεν
592 4594 640 4635 τῶν
656 4589 751 4648 ἁμαξῶν
762 4588 867 4643 τέκτονες
879 4593 908 4645 ν’,
925 4593 966 4637 τοῦ
985 4590 1169 4645 κατασκευάζειν
1188 4587 1286 4651 γεφύρας
1303 4587 1405 4642 ξυλίνους
1422 4587 1512 4643 εἰςτὰς
1532 4587 1667 4648 ἀνωμαλίας
1684 4593 1728 4643 τῆς
1748 4591 1825 4650 ὀδοῦ,
1846 4593 1886 4640 καὶ
1938 4588 1939 4591 '

277 4660 373 4726 ἐργάται
387 4660 430 4708 σὺν
444 4660 523 4714 αὐτοῖς
533 4666 563 4707 σ’.
579 4657 694 4715 ’tircique
706 4664 762 4720 γοῦν
784 4660 825 4707 τὸν
840 4660 998 4722 Φεόραυάριον
1015 4661 1055 4708 καὶ
1073 4660 1175 4722 Μάρτιον
1185 4660 1230 4715 ἕως
1246 4658 1274 4707 αι’)
1286 4658 1431 4716 κατήντησεν
1449 4658 1474 4707 ἐν
1485 4658 1553 4719 τόπῳ
1564 4656 1656 4721 μακρὰν
1666 4661 1709 4716 τῆς
1728 4660 1829 4717 πόλεως
1840 4663 1888 4713 ἀπὸ

278 4733 361 4794 μιλίων
377 4731 389 4780 ἐ
409 4728 451 4792 (ἐ),
471 4729 566 4779 Deinde
576 4728 735 4779 bernhardum
751 4728 818 4779 iilum
837 4729 935 4788 ἔστησεν
952 4731 976 4779 ἐν
990 4736 1020 4794 τῇ
1032 4732 1094 4791 πύλη
1113 4734 1155 4778 τοῦ
1168 4730 1238 4791 όιγίου
1250 4731 1375 4791 Ῥωμανοῠ
1393 4729 1493 4788 πλησίον
1507 4729 1604 4792 (Durius
1612 4741 1639 4791 p.
1652 4730 1707 4785 272,
1723 4728 1765 4792 ¹3⁴
1780 4731 1887 4783 Ghuiuo·

278 4801 349 4857 cond.
360 4815 385 4864 p.
399 4805 453 4859 332,
471 4805 501 4849 2ο
515 4812 627 4864 magnam
645 4799 804 4850 bombardum
820 4802 916 4849 tuntum
935 4800 1010 4850 tuisse
1023 4800 1086 4851 ‹iicit
1100 4804 1132 4856 ὡς
1147 4802 1216 4861 ζεύγη
1229 4803 1291 4863 βοῶν
1306 4802 1380 4849 timeo
1392 4799 1602 4863 ἑθδομήκοντακαὶ
1613 4798 1696 4862 ἄνδρας
1709 4799 1734 4855 ἐς
1746 4802 1885 4865 δισχιλίους.

278 4870 422 4921 critobulus
432 4869 507 4933 hujus
520 4870 662 4921 bombardro
678 4884 727 4919 non
742 4869 861 4929 meminit,
878 4870 920 4920 sod
931 4870 962 4921 tle
978 4870 1039 4932 alie,
1054 4885 1111 4934 quae
1124 4870 1261 4921 obsidionis
1272 4874 1382 4934 tompore
1400 4871 1425 4919 iu
1438 4870 1497 4934 ipsis
1509 4868 1597 4921 mauis
1615 4869 1721 4919 oontletu
1740 4871 1793 4934 sit,
1806 4876 1889 4923 uomet

279 4957 302 4993 c.
315 4956 354 5006 ep.
368 4948 408 5002 29,
423 4940 467 4991 ubi
481 4940 548 4991 uide.
565 4943 618 5003 11-
1543 5000 1547 5006 Δ

310 5014 376 5063 XXI.
395 5013 410 5075 §
429 5017 450 5061 t.
463 5012 624 5076 Διαθρόχους]
640 5013 680 5062 ci.
692 5011 803 5075 Thucyd.
815 5015 839 5071 7,
860 5017 887 5062 12
900 5032 905 5061 :
925 5019 977 5072 νῆες
991 5013 1112 5076 διάόροχοι
1123 5019 1237 5063 τοσοῦτον
1250 5013 1333 5077 χρόνον
1342 5013 1387 5073 ἤδη
1403 5012 1600 5065 θαλασσεύουσαι.
1613 5013 1625 5075 33
1643 5042 1671 5054 -
1682 5012 1823 5081 δνακεύων]
1834 5019 1887 5065 Vox

278 5081 333 5130 olibi
347 5096 395 5131 non
417 5082 499 5141 obvia,
514 5087 634 5145 quonium
652 5083 740 5145 seinm3
755 5087 865 5134 attamen
881 5083 960 5133 διιεύω
973 5084 1089 5147 usurpari
1105 5098 1151 5147 pro
1166 5086 1279 5146 ᾰκὲομαι,
1299 5084 1379 5147 inin,
1394 5084 1468 5133 ἀκείω
1491 5084 1516 5133 iu
1527 5084 1613 5134 ionicis
1624 5084 1779 5147 perhibetur.

307 5152 380 5200 ΧΧΙΙ.
398 5152 414 5215 §
429 5158 451 5201 1.
461 5154 609 5213 Ἡγεμόνα...
621 5155 662 5203 τὸν
676 5154 798 5218 σατράπην
812 5154 1017 5218 Καλλισυπόλεως]
1034 5156 1093 5204 iimo
1107 5154 1131 5203 in
1150 5154 1259 5219 margine
1275 5155 1427 5218 supplentur.
1439 5155 1574 5215 Παλτόγλης
1597 5153 1663 5217 apud
1681 5155 1888 5212 Murdtmunrrm

275 5234 298 5271 c.
313 5220 330 5269 i.
343 5234 367 5283 p.
381 5225 436 5271 tito
456 5221 556 5272 turcicis
575 5217 744 5287 sempronius,
761 5229 789 5273 ut
803 5224 911 5285 uidetur,
928 5228 1031 5273 romine
1044 5225 1190 5289 Bottuoqtu
1201 5227 1340 5275 suieiman
1351 5225 1408 5287 Bej.
1423 5224 1495 5287 Apud
1512 5223 1743 5285 choruscationum,
1754 5240 1783 5287 p.
1801 5230 1888 5285 irini
1938 5262 1939 5293 ,

275 5290 360 5341 editur
376 5292 526 5354 ΙΙαντόγ).η;;
542 5293 603 5342 inin.
622 5308 647 5357 p.
659 5299 713 5357 513,
732 5300 747 5344 9
765 5297 898 5356 Παιτύγλης
912 5296 1105 5353 Καλλιουπύίεως
1119 5297 1240 5360 ύπαρχοςς
1255 5310 1295 5359 ap.
1315 5295 1470 5346 Leontinum
1487 5295 1587 5345 curicus.
1605 5309 1631 5359 μ
1642 5296 1690 5345 333
1707 5296 1888 5361 Battkoqtrtrf

275 5364 360 5415 neira
371 5362 435 5425 apud
449 5362 545 5413 nucum
554 5377 578 5426 p.
595 5368 650 5427 270,
666 5372 690 5427 5,
702 5366 746 5415 ubi
760 5387 767 5417 ε
780 5367 827 5416 Ἦν
838 5368 862 5417 δὲ
875 5369 888 5416 ό
902 5369 1023 5431 ἄνθρωπος
1033 5368 1060 5418 τδ
1075 5364 1145 5430 ’γένος
1161 5368 1189 5417 ἐκ
1205 5373 1254 5417 τῶν
1273 5367 1413 5432 Βονλγύρων
1427 5368 1511 5428 ίλκων,
1531 5366 1592 5423 τινδς
1605 5371 1652 5415 τῶν
1667 5366 1792 5430 ἀρχόντων
1811 5370 1887 5420 Βουλ·
