3842 6036
283 493 343 554 100

282 623 328 682 καλ
339 619 482 697 παιζόμενα
495 615 567 697 παρά
579 615 667 696 μέρος,
683 615 728 673 καί
742 612 866 673 οὖδέποτε
877 610 1057 684 στήσεταιτῆς

283 710 396 770 ἀτάκτου
406 709 502 778 ταύτης
509 706 554 764 καί
563 704 673 786 ροώδους
678 710 757 783 φορᾶς
769 702 815 760 καί
821 700 947 772 κινήσεως
956 700 1002 758 καῖ
1008 704 1056 771 τῆς

283 795 498 878 ἀλλοπροσάλλου
514 790 669 872 παλιρροίας
686 789 772 849 τεκαὶ
788 788 948 866 μεταόολῆς,
961 786 1010 855 ἐως
1022 786 1054 845 ἀν

282 888 372 951 ἐντοῖς
385 874 443 942 ούσι
453 875 556 942 τδείναι
571 874 599 961 ᾖ.
644 883 680 958 (ε)
690 876 763 957 Ἐγὼ
777 878 804 937 δέ
816 878 861 937 καί
873 885 950 939 τοῦτο
960 877 1056 945 παντὸς

282 974 383 1050 μᾶλλον
396 970 533 1047 θαυμάσας
547 968 618 1050 έχω,
631 967 678 1040 τήν
693 991 722 1027 τε
735 965 879 1047 γενομένην
897 967 1056 1045 ξυγκύρησιν

282 1063 342 1118 τῶν
353 1057 489 1135 ὀνομάτων
510 1057 556 1116 καί
574 1055 622 1128 τήν
636 1058 688 1114 τῶν
702 1054 868 1135 πραγμάτων
889 1055 1056 1125 ἐναντιότητα

282 1146 327 1205 έπί
344 1144 474 1215 τοσαύτης
487 1143 607 1223 περιόδου
628 1142 823 1222 ξυνδραμοῦσαν
845 1144 922 1221 ἐγγύς
935 1165 987 1201 που
1002 1141 1057 1198 δια·

283 1234 377 1293 κοσίων
391 1234 506 1309 μάλιστα
521 1232 566 1291 καί
580 1232 672 1310 χιλίων
689 1235 767 1292 ἐτῶν.
796 1234 992 1297 ἰίωνσταντῐνος
1004 1228 1056 1309 γὰρ

283 1320 393 1400 εὐτυχὴς
412 1318 547 1398 βασιλεὺς,
561 1317 671 1391 Ἑλένης
685 1318 754 1396 υἱός,
769 1316 897 1391 ἀνέστησέ
916 1340 944 1376 τε
960 1318 1058 1392 ταύτην

284 1409 329 1469 καλ
343 1410 368 1474 ἐς
375 1407 458 1487 ’ἀκρον
473 1407 639 1484 εὐδαιμονίας
653 1406 697 1465 καὶ
710 1405 792 1484 τύχης
804 1406 903 1486 ἐπῆρε,
917 1404 963 1464 καῖ
976 1406 1057 1465 πόλιν

284 1497 328 1554 έπί
338 1495 547 1571 Κωνσταντίνου,
558 1496 702 1574 δυστυχοῦς
713 1492 854 1573 βασιλέως,
866 1491 977 1564 Ἑλένης
986 1498 1054 1567 υἱοῦ,

282 1584 353 1642 ἑάλω
367 1583 455 1643 τεκαὶ
472 1585 497 1650 ἐς
519 1583 634 1667 ἐσχάτην
655 1579 772 1641 δουλείαν
786 1580 873 1640 τεκαὶ
891 1583 1054 1659 κακοδαιμο-

283 1671 340 1731 νίαν
359 1670 492 1751 κατήχθη.
510 1672 565 1732 Καὶ
579 1673 663 1729 ταῦτα
680 1667 731 1747 μίν
744 1669 819 1729 ούτω.

230 1770 234 1775 “
323 1761 412 1820 Lxx.
427 1758 502 1818 Αίδέ
517 1759 657 1836 τριάκοντα
670 1757 799 1838 τριήρεις,
815 1756 845 1823 ἃς
864 1760 939 1829 ὁτῆς
951 1757 1057 1834 Ῥώμης

282 1846 417 1928 ἀρχιερεὺς
424 1845 526 1923 ἔπεμπε
534 1845 643 1925 βοηθοὺς
650 1850 684 1927 τῇ
692 1868 721 1904 τε
728 1845 803 1906 πόλει
811 1844 856 1905 καί
866 1849 969 1924 βασιλεῖ
980 1850 1057 1907 Κων-

288 1935 435 2015 σταντίνιρ,
455 1938 630 2013 καταχθεῖσαι
646 1937 671 2002 ές
692 1935 760 1995 Χίον
782 1938 888 1993 κάκεῖσε
911 1933 1057 2011 πνεύμασιν

283 2020 405 2089 ίναντίοις
417 2021 600 2101 χρησάμεναι,
614 2023 693 2080 αἰετοῦ
710 2020 880 2101 περιέμενον,
893 2021 984 2100 καιρόν
999 2025 1058 2080 ἐπι-

283 2111 386 2183 τήδειον
412 2110 602 2184 ἀναμένουσαι·
626 2108 711 2178 ὡςδὲ
731 2109 798 2186 μετά
821 2108 914 2189 μικρὸν
934 2109 1059 2170 έπύθοντο

285 2199 334 2271 τὴν
352 2203 400 2269 τῆς
412 2196 514 2262 πόλεως
536 2197 649 2272 ἀλωσιν,
672 2196 851 2278 ὑστερήσασαι
870 2201 917 2267 τῆς
938 2196 1059 2275 βοηθείας

284 2287 364 2348 πάλιν
376 2285 544 2345 ἀπέπλευσαν
557 2285 624 2346 οίκοι
631 2329 641 2360 ,
653 2285 735 2363 μηδέν
745 2285 811 2366 ὑπὲρ
821 2276 857 2344 ῶν
871 2277 934 2356 ἧκον
947 2286 1058 2366 διαπρα·

283 2375 402 2454 ξάμενον.
447 2376 480 2451 (1)
493 2369 569 2434 Ἔδει
583 2372 611 2433 δέ
624 2375 675 2453 ἀρα
686 2377 790 2439 πάντως
804 2373 850 2446 τλν
865 2374 981 2453 δυστυχῆ
992 2371 1059 2432 ταύ-

282 2488 330 2537 την
352 2466 428 2523 πόλιν
452 2461 552 2521 ἁλῶναί
577 2485 605 2521 τε
629 2462 674 2521 καί
699 2466 786 2528 κακῶς
811 2466 921 2536 παθεῖν,
944 2462 1057 2521 καί·διίι

284 2557 361 2612 τοῦτο
377 2549 465 2621 πάσης
477 2548 628 2629 ἐπικουρίας
641 2548 767 2608 πάντοθεν
783 2548 939 2627 φαινομένης
952 2549 998 2608 καί
1013 2551 1058 2615 δυ-

282 2640 397 2716 ναμένης
409 2640 476 2718 αὖτῇ
486 2640 602 2716 βοηθεῖν,
618 2637 788 2696 παντάπασιν
803 2635 978 2717 ἀπεστέρητο·
989 2635 1058 2695 ἀλλά

277 2720 315 2798 ’δὴ
340 2727 386 2786 καὶ
406 2728 494 2786 πάντα
521 2722 725 2805 ξυνδεδραμήκει
743 2723 807 2803 πρὸς
818 2728 912 2796 τοῦτο,
931 2725 999 2783 ούτω
1014 2728 1059 2783 τοῖῖ

283 2815 351 2875 θείου
370 2813 494 2879 ἐνδόντος.

324 2904 425 2964 ΙιΧΧΙ.
443 2900 533 2962 Ἑάλω
546 2901 631 2961 τοίνυν
644 2899 688 2959 ἐπὶ
703 2898 903 2960 Κωνσταντίνου
919 2901 1058 2980 βασιλέως,

283 2991 398 3067 ἑόδόμου
412 2989 602 3068 Παλαιολόγων
613 3032 623 3062 ,
636 2987 729 3066 ἐνιῖάτη
742 2988 788 3047 καί
802 2990 908 3069 εἰκοστῇ
928 2987 1060 3069 φθίνοντος

283 3074 372 3140 Μαΐου
399 3078 473 3158 παρά
495 3076 652 3156 Ῥωμαίοις,
673 3075 808 3147 ἐξήκοντος
833 3076 906 3143 ἔτους
932 3079 985 3136 τῶν
1008 3076 1056 3134 ἀπ’

284 3172 368 3246 ἀρχῆς
383 3166 438 3233 ἑνός
454 3189 482 3224 τε
495 3166 541 3224 καί
554 3165 695 3237 ἑξηκοστοῦ
706 3164 780 3246 παρδι
792 3172 844 3231 τοῖς
858 3167 1015 3231 ἐννακοσέοις
1028 3187 1058 3224 τε

287 3258 332 3312 καὶ
355 3252 539 3331 ἑξακισχιλίοις
546 3295 556 3322 ,
578 3253 631 3311 ἀπὸ
651 3251 679 3312 δέ
699 3250 807 3318 κτίσεεύς
827 3253 919 3310 τεκαὶ
940 3251 1059 3323 ξυνοική-

285 3364 349 3407 σεως
364 3342 458 3412 ταύτης
469 3340 538 3399 έτεσι
548 3340 670 3420 τέτταρσι
683 3340 727 3399 καί
743 3339 824 3399 εἴκοσι
833 3340 879 3399 καὶ
893 3341 985 3400 έκατθν
995 3342 1059 3422 πρὸς

284 3437 338 3494 τοῖς
349 3428 452 3508 χιλίοις.
539 3445 541 3451 ’

328 3516 447 3576 LXXU.
467 3514 584 3586 Θνήσκει
599 3514 626 3573 δέ
648 3513 694 3573 καί
715 3514 838 3594 βασιλεὺς
861 3516 1059 3584 ίίωνσταντῖνος

286 3605 361 3670 αὐτὸς
375 3595 444 3681 ᾗπερ
459 3603 522 3683 έφην
537 3603 702 3682 μαχόμενος,
717 3602 827 3683 σώφρων
838 3602 884 3679 μέν
897 3603 943 3662 καὶ
955 3603 1059 3684 μέτριος

286 3702 315 3758 ἐν
326 3694 364 3771 τῷ
377 3694 436 3750 καθ’
451 3690 542 3749 ἑαυτὸν
561 3689 610 3771 βίῳ
621 3691 781 3770 γενόμενος,
801 3690 949 3771 φρονήσεως
964 3691 991 3751 δέ
1013 3693 1058 3751 καὶ

633 520 638 529 ·
707 481 906 545 CRITOBULI
935 481 1199 544 HlSTORlARUM
1219 482 1291 545 LlB.
1316 483 1342 559 1,
1359 485 1466 549 69-73.

1114 615 1209 694 ἀρετῆς
1223 614 1248 678 ἐς
1261 612 1340 693 ἀκρον
1355 613 1596 690 ἀπιμεμελημένος,
1610 615 1710 684 ξυνετός
1722 641 1749 676 τι
1763 620 1805 679 καί
1819 625 1860 682 τῶν

1114 700 1180 778 ἀγαν
1192 701 1418 779 πεπαιδευμένων,
1433 704 1483 760 κάν
1491 707 1546 770 τοῖς
1556 705 1733 772 πολιτικοῖςδί
1743 707 1862 787 πράγμασι

1113 794 1159 847 καὶ
1177 796 1229 854 τοῖς
1242 790 1269 847 ἐν
1281 791 1352 869 ἀρχῇ
1368 789 1450 848 οὐδενί
1464 793 1515 848 τῶν
1529 790 1582 871 πρὸ
1594 792 1671 851 αύτοῶ
1687 797 1805 872 βασιλέων
1817 805 1860 859 τῶν

1114 881 1248 956 πρωτείων
1277 881 1463 957 παραχωρῶν,
1486 877 1542 946 ὀξὺς
1567 879 1615 955 μὲν
1645 880 1750 949 ξυνιδεῖν
1770 886 1798 945 τό
1816 889 1862 949 δέον

1114 965 1212 1032 παντὸς
1233 966 1348 1039 μᾶλλον,
1367 963 1482 1045 ὀξύτερος
1503 967 1530 1025 δί
1547 967 1665 1044 έλέσθαι,
1686 971 1763 1039 δεινός
1781 975 1860 1048 εἰπεῖν,

1115 1052 1195 1119 δεινός
1210 1053 1237 1111 δέ
1253 1056 1346 1123 νοῆσαι
1355 1078 1371 1126 ,·
1380 1053 1522 1131 δεινότερος
1531 1053 1560 1113 δέ
1572 1056 1725 1136 πράγμασιν
1738 1062 1859 1135 ὁμιλῆσαι,

1114 1144 1167 1201 τῶν
1182 1145 1231 1217 μέν
1254 1140 1390 1221 παρόντων
1411 1141 1670 1221 ἀκριόὴςγνῶμων,
1691 1138 1758 1226 ᾗπερ
1770 1147 1813 1227 ἔφη
1831 1175 1861 1217 τις

1114 1229 1179 1310 ύπίρ
1189 1229 1358 1308 Περικλέους,
1366 1232 1417 1287 τῶν
1428 1230 1455 1288 δέ
1462 1229 1610 1307 μελλόντων
1619 1235 1654 1301 ὡς
1664 1236 1862 1298 ἐπὶπλεῖστοντοῖ

1112 1317 1211 1384 εἰκότος
1220 1317 1323 1396 ἀριστος
1332 1316 1465 1390 εἰκαστής,
1475 1317 1540 1397 ὑπέρ
1547 1341 1575 1378 τε
1583 1323 1629 1390 τῆς
1640 1322 1760 1401 πατρίδος
1770 1323 1811 1383 καί
1821 1329 1861 1384 τῶν

1113 1401 1267 1482 ἀρχομένων
1280 1401 1366 1461 πάντα
1381 1408 1428 1461 καί
1439 1411 1524 1463 ποιεῖν
1534 1405 1580 1464 καί
1593 1408 1706 1488 πάσχειν
1721 1411 1861 1490 αἱρούμενος,

1113 1493 1141 1559 ύς
1151 1515 1181 1568 γε
1195 1490 1298 1550 καὶτὸν
1312 1490 1521 1572 ἐπικείμενοντῇ
1540 1492 1615 1554 πόλει
1629 1502 1748 1577 προφανῆ
1762 1498 1860 1558 κίνδυνον

1114 1581 1180 1658 δρῶν
1198 1579 1285 1643 αὐτοῖς
1301 1578 1444 1657 ὀφθαλμοῖς
1457 1579 1504 1638 καί
1522 1579 1663 1658 δυνάμενος
1677 1585 1751 1643 αὑτὸν
1766 1588 1862 1645 ἐκσῶσαι

1113 1666 1160 1725 καί
1173 1664 1286 1731 πολλοὺς
1305 1663 1373 1744 έχων
1393 1665 1453 1731 τοὺς
1471 1667 1536 1746 πρὸς
1550 1674 1628 1729 τοῦτο
1649 1675 1861 1753 παρακαλοῦντας,

1113 1755 1160 1814 οὐκ
1176 1750 1318 1825 ἠθέλησεν,
1334 1753 1393 1812 ἀλλ’
1408 1745 1460 1812 εἷλε
1476 1754 1506 1814 τό
1520 1754 1704 1824 ξυναποθανεῖν
1718 1784 1750 1840 τη
1775 1760 1863 1839 πατρίδι

1112 1864 1140 1900 τε
1155 1842 1200 1901 καί
1213 1849 1267 1907 τοῖς
1282 1839 1452 1920 ἀρχομένοις,
1470 1846 1571 1919 μᾶλλον
1588 1845 1616 1905 δέ
1635 1847 1680 1906 καί
1692 1852 1861 1929 προαποθανεῖν

1115 1929 1205 2003 αὐτὸς,
1219 1929 1289 1994 ὅπως
1302 1928 1341 2005 μή
1355 1929 1454 2001 ταύτην
1468 1954 1497 1990 τε
1515 1931 1634 1992 ἀλοῦσαν
1656 1935 1750 2007 ἐπίδοι,
1769 1938 1809 1994 καί
1822 1938 1863 1992 τῶν

1117 2018 1262 2099 οἰκητόρων
1276 2015 1335 2085 τοὺς
1346 2015 1393 2094 μίν
1408 2022 1606 2099 σφαττομένους
1619 2025 1710 2100 ὠμῶς,
1719 2023 1774 2091 τοὺς
1788 2022 1812 2081 δέ
1829 2025 1863 2081 δο·

1115 2105 1262 2184 ρυαλόιτους
1277 2106 1458 2182 ἀπαγομένους
1478 2109 1606 2189 αἰσχρῶς.
1650 2113 1683 2191 (2)
1704 2111 1804 2182 Ἐπειδὴ
1822 2111 1863 2189 γάρ

1113 2184 1165 2252 εἶδε
1178 2192 1238 2261 τοὺς
1253 2193 1392 2269 πολεμίους
1405 2196 1574 2274 βιαζομένους
1587 2223 1618 2258 τε
1629 2201 1705 2259 αὐτὸν
1721 2198 1768 2259 καί
1780 2198 1817 2257 διὰ
1827 2204 1861 2256 τοῦ

1113 2280 1322 2361 κατερριμμένου
1341 2281 1443 2361 τείχους
1460 2286 1652 2366 ἐσερχομένους
1678 2287 1721 2347 έπί
1739 2286 1862 2359 τήνπολιν

1115 2371 1259 2450 λαμπρῶς,
1276 2371 1358 2428 εἰπεῖν
1370 2371 1475 2449 λέγεται
1489 2373 1558 2451 μέγα
1575 2374 1675 2453 βοήσας
1694 2374 1799 2445 ὑστάτην
1810 2371 1862 2431 ταύ-

1115 2482 1165 2531 την
1177 2456 1250 2537 φωνή
1272 2461 1340 2528 ἐή
1361 2459 1436 2526 πολις
1456 2460 1597 2521 ἁλίσκεται
1614 2463 1694 2541 κάμοὶ
1714 2467 1756 2535 ζῆν
1772 2463 1806 2521 ἰτι
1823 2484 1862 2518 πε·

1116 2548 1227 2630 ρίεστιν;
1250 2572 1263 2597 ν
1283 2545 1329 2604 καί
1342 2547 1425 2615 οὕτως
1440 2553 1466 2617 ἐς
1477 2550 1569 2627 μέσους
1584 2551 1644 2618 τοὺς
1666 2552 1795 2629 πολεμίως
1807 2539 1863 2608 ἀσαί

1114 2658 1142 2694 τε
1155 2634 1246 2692 ἑαυτὸν
1266 2633 1311 2692 καί
1326 2640 1521 2709 κατακοπῆναι.
1543 2635 1640 2707 Οὕτως
1659 2641 1722 2720 ἀνήρ
1744 2626 1862 2716 ἀγαθδςήν

1115 2722 1160 2780 καί
1182 2726 1228 2781 τοῦ
1242 2725 1329 2780 κοινοῦ
1348 2720 1489 2798 κηδεμών,
1505 2725 1640 2806 δυστυχής
1657 2728 1741 2803 μέντοι
1757 2749 1784 2803 γε
1803 2722 1861 2801 παρέ

1115 2809 1202 2868 πάντα
1219 2806 1263 2867 τδν
1278 2806 1334 2886 βίον
1349 2811 1444 2883 αὐτοῦ,
1460 2815 1510 2870 κάν
1520 2816 1559 2893 τῷ
1573 2816 1646 2873 τέλει
1666 2814 1692 2873 δὲ
1708 2810 1862 2891 δυστυχέστα·

1114 2920 1168 2963 τος.
1211 2893 1246 2974 (9)
1265 2894 1308 2954 T&
1330 2893 1377 2970 μέν
1400 2896 1432 2968 δή
1446 2898 1514 2956 κατά
1535 2897 1585 2971 τήν
1606 2902 1721 2982 μεγάλην
1740 2902 1807 2958 πόλιν
1824 2895 1861 2966 τήν

1116 2983 1315 3048 Κωνσταντίνου
1326 2983 1369 3043 ἐπί
1379 2984 1448 3063 μέγα
1463 2987 1537 3061 δόξης
1549 2990 1674 3068 ἀρθεῖσαν
1684 2990 1726 3048 καὶ
1736 2984 1863 3048 δυναστείας

1114 3073 1160 3134 καί
1173 3069 1286 3132 πλούτου
1299 3071 1327 3131 ἐν
1339 3096 1368 3149 γε
1385 3078 1437 3140 τοῖς
1448 3076 1507 3134 κατ’
1521 3077 1606 3150 αάτλν
1617 3089 1731 3158 καιροῖς,
1742 3077 1782 3136 καὶ
1793 3073 1863 3135 πάσας

1113 3162 1159 3231 τάς
1175 3159 1226 3240 πρδ
1240 3162 1319 3231 αὐτῆς
1333 3162 1523 3243 ἀποκρύψασαν
1543 3167 1637 3248 πολλῷ
1653 3164 1756 3226 τινικαὶ
1773 3161 1859 3238 ἀπείρῳ

1113 3256 1151 3329 τῷ
1167 3250 1240 3328 μέσῳ
1255 3247 1298 3306 έπί
1318 3272 1347 3307 τε
1363 3250 1424 3331 δόξῃ
1438 3252 1484 3311 καί
1508 3252 1618 3335 πλούτῳ
1630 3256 1675 3315 καί
1696 3257 1758 3337 ἀρχῇ
1770 3249 1809 3308 καί
1826 3250 1864 3306 δυ·

1112 3338 1191 3415 νάμει
1202 3336 1248 3395 καὶ
1260 3337 1364 3414 μεγέθει
1375 3341 1421 3399 καί
1430 3348 1483 3408 τοῖς
1495 3340 1586 3409 ἄλλοις
1599 3352 1667 3403 πᾶσι
1678 3335 1861 3417 θαυμαζομένηθι
1898 3414 1899 3429 ,

1113 3426 1194 3493 ούτως
1211 3425 1392 3497 ἐτελεύτησεν.
1898 3434 1899 3489 ί

1153 3514 1291 3574 Lxxlll.
1307 3515 1436 3583 Βασιλεὺς
1449 3515 1475 3576 δέ
1487 3516 1640 3596 Μεχέμετις
1652 3519 1699 3591 τήν
1711 3541 1737 3576 τε
1750 3513 1814 3574 πολιν
1826 3511 1863 3568 καὶ

1112 3602 1147 3663 τά
1158 3605 1184 3662 ἰν
1200 3604 1265 3679 αὐτῇ
1279 3601 1368 3661 πάντα
1382 3606 1469 3671 καλῶς
1482 3604 1658 3682 θεασάμενος,
1670 3605 1789 3666 ἐπάνεισιν
1807 3598 1861 3666 1410
1898 3628 1899 3645 ¹

1114 3689 1290 3773 στρατόπεδον
1304 3690 1350 3749 καί
1365 3691 1506 3752 διατίθεται
1518 3696 1554 3754 τὰ
1570 3695 1640 3755 κατδι
1661 3694 1709 3766 τήν
1727 3691 1802 3752 λείαν.
1818 3685 1862 3746 Καί

1653 3809 1861 3835 -n--fl

316 3878 384 3927 Lxx.
405 3879 434 3926 41
446 3877 470 3926 δὲ
482 3875 606 3939 τριάκοντα
621 3874 688 3939 σία]
706 3876 743 3926 Cf.
756 3888 831 3940 supra
841 3890 895 3941 ουρ.
912 3881 951 3927 99.
967 3877 1088 3927 Ρυυουίιιν
1103 3876 1134 3927 de
1147 3877 1187 3927 his
1201 3877 1235 3927 ita
1251 3877 1326 3928 habet
1336 3881 1361 3935 4,
1385 3881 1464 3928 1024ι

964 4005 1091 4051 Auxilium
1097 4008 1156 4051 ὒευε
1166 4008 1214 4063 ipse
1225 4007 1323 4063 αεραυῖι
1335 4019 1343 4049 ε

750 4066 776 4111 in
792 4067 876 4112 Tenedi
884 4072 953 4124 ροτίιε
967 4080 1024 4113 nam
1040 4069 1214 4125 tempestatibus
1223 4074 1282 4113 acloe

749 4129 843 4173 stabam
853 4129 888 4173 bis
897 4130 962 4173 ἀεαιε
971 4142 1049 4183 nava,
1059 4142 1118 4187 ρααε
1131 4130 1217 4174 Gnosia
1228 4130 1305 4182 tellus,

749 4202 801 4246 ηεια
810 4194 925 4235 Venetam
938 4190 1063 4248 imperium
1073 4191 1235 4237 Κλαάανναπιὶ
1245 4190 1337 4247 ἱεμῖθιιε
1346 4190 1415 4235 audit

750 4253 850 4306 υνκῖεεῖε,
856 4254 939 4309 plenas
946 4256 1069 4309 ,Ιτνανεινιο
1078 4255 1229 4310 εῌνιιρῖθιιε,
1245 4254 1301 4299 inde

751 4313 787 4356 θῖε
800 4314 885 4369 quinas
897 4315 980 4359 Veneti
987 4316 1112 4361 mittebant
1123 4318 1197 4361 Marte
1206 4316 1310 4360 ἰτῖτεπεεε

753 4377 891 4431 instructas,
901 4377 955 4421 ντθι·
964 4378 1059 4423 auxilio
1072 4379 1225 4435 Βαααῖεφυες
1234 4378 1275 4422 sed
1288 4390 1368 4422 οαικεε

753 4448 854 4480 mensem
864 4450 939 4481 ααειικ
954 4438 1050 4484 advent»
1061 4444 1190 4485 εεαιιετιιπι
1199 4439 1273 4484 uidere
1284 4444 1393 4496 portum:

753 4501 795 4532 νιεε
801 4490 868 4544 μήνιε
879 4491 935 4534 inde
944 4490 1027 4536 datum
1034 4497 1097 4536 εείεε
1106 4492 1134 4536 de
1148 4492 1249 4537 ειαίῖονισ
1257 4504 1358 4544 movere,

752 4562 823 4606 quam
835 4552 918 4597 Τευοτῖ
926 4553 1022 4609 συρίσαι
1032 4554 1113 4599 urbem
1121 4567 1245 4611 reyemque
1259 4554 1385 4599 trucident.

316 4673 332 4738 §
345 4680 367 4723 2.
385 4674 417 4721 Τε
429 4674 469 4721 καὶ
485 4676 565 4728 κακῶς
582 4673 663 4721 παθεῖν
676 4673 733 4737 καὶ]
749 4673 807 4723 add.
820 4688 913 4739 margo.
932 4675 943 4739 [Ι
960 4702 991 4713 -
1005 4677 1065 4726 ἀλλὰ
1074 4676 1121 4741 δὴ]
1133 4677 1190 4728 add.
1203 4691 1297 4741 margo.

315 4741 640 4806 41141.Ἓαοοριι]ογοόοο
657 4744 771 4794 Phrantz.
794 4758 819 4809 p.
835 4750 889 4807 391,
903 4749 926 4796 θ.
946 4748 1002 4809 β-
1017 4747 1117 4811 Ἐννάτη
1136 4751 1177 4797 καὶ
1197 4751 1293 4810 εἰκοστῇ
1309 4747 1406 4812 Μαίου]
1425 4748 1462 4799 Οί.
1482 4750 1564 4797 Βαοαε
1580 4761 1605 4810 p.
1621 4751 1675 4807 298,
1700 4750 1734 4796 15.
1749 4742 1864 4794 Ρίπιιυίιθῦ

286 4828 310 4878 ρ.
325 4817 538 4877 299,19,ο1ηυω
552 4826 584 4863 ex
596 4814 707 4864 ‘turcicis
723 4815 884 4879 scriptoribus
893 4818 965 4867 affert
980 4820 1097 4868 Hammer
1110 4822 1132 4876 1,
1146 4831 1171 4882 p.
1185 4821 1239 4869 1179.
1255 4818 1429 4869 Constantinus
1443 4818 1504 4868 obiit
1512 4822 1584 4868 natus
1597 4831 1639 4867 ευ.
1649 4822 1689 4878 49,
1699 4824 1774 4866 mens.
1789 4816 1810 4865 θ.
1822 4808 1863 4858 dies
1898 4882 1899 4885 φ

286 4887 316 4933 29
330 4881 464 4933 secundum
478 4882 625 4933 Phrantzem
637 4897 661 4946 p.
676 4888 730 4943 291,
746 4891 787 4942 12;
800 4885 831 4934 de
843 4886 990 4949 regniannis
1003 4901 1027 4936 v.
1038 4887 1155 4937 Phrontz.
1171 4901 1198 4950 p.
1212 4891 1257 4937 9114
1271 4891 1297 4938 αι
1316 4888 1431 4939 chalone.
1453 4901 1477 4952 p.
1494 4891 1549 4946 999,
1566 4893 1605 4937 15.
1622 4889 1633 4949 u
1653 4911 1684 4924 —
1698 4885 1759 4950 ῑνῖς]
1770 4877 1864 4955 mog?

286 4956 319 5001 λῑ
332 4951 445 5003 similiter
455 4952 534 5003 habes
547 4956 589 5002 καὶ
605 4953 630 5001 ἓν
650 4966 705 5018 σοι).
719 4957 747 5004 77
759 4955 805 5005 ult.
823 4956 833 5018 ΙΙ
850 4982 881 4992 -
892 4959 949 5021 πρὸς
969 4962 1017 5013 τοῖς
1039 4957 1137 5021 χιλίοις]
1154 4960 1212 5020 πρὸς
1228 4960 1363 5021 τρισχιλίοις
1380 4957 1472 5016 eodem
1492 4959 1524 5007 ab
1541 4956 1760 5020 constantinopolis
1769 4955 1865 5003 εαιαυυῦ
1898 5018 1899 5021 ¹

287 5022 580 5086 (9ορ1.εα.929)ανηιισ
592 5023 623 5072 ad
635 5025 838 5089 expugnationem
850 5027 919 5077 urbis
928 5027 1000 5091 (Maii
1010 5041 1088 5078 mens.
1101 5041 1141 5078 ια.
1158 5032 1230 5089 1459)
1242 5027 1317 5091 elapsi
1327 5030 1386 5077 ειιαῑ
1396 5027 1452 5076 anni
1469 5029 1537 5075 1124.
1898 5026 1899 5069 ἶ

318 5093 414 5164 11141411.
427 5092 443 5156 §
461 5097 483 5142 1.
501 5096 555 5143 Τιῖιν
568 5093 705 5158 πρωτείων]
726 5095 763 5145 εῖτ
776 5108 846 5158 ωηο,
859 5101 902 5146 τοῦ
913 5097 968 5147 ἰσου
980 5100 1043 5147 ἐστι.
1055 5097 1066 5160 ΙΙ
1081 5124 1113 5135 -
1123 5098 1199 5163 ἤπερ]
1210 5098 1246 5148 sic
1256 5111 1290 5146 m.
1304 5103 1327 5156 2,
1338 5098 1395 5161 ὅπερ
1408 5110 1443 5147 m.
1459 5103 1480 5145 ι.
1494 5098 1529 5146 De
1541 5095 1714 5147 Themistocle
1730 5082 1863 5150 Thucydide⁵
1898 5116 1899 5151 3

289 5159 352 5209 ἀῖιιί
367 5164 445 5222 1,199,
459 5166 473 5211 9
487 5168 553 5212 ετῶν
576 5181 601 5213 τε
618 5170 762 5229 παραχρῆμα
776 5165 806 5216 δι’
820 5167 945 5230 ἐλαχίστης
960 5169 1045 5230 βουλῆς
1061 5169 1184 5232 κράτιστος
1199 5170 1299 5233 γνώμων
1309 5170 1350 5218 καὶ
1365 5170 1414 5216 τῶν
1431 5168 1562 5230 μελλόντων
1578 5168 1619 5217 ἐπὶ
1631 5171 1741 5218 πλεῖστον
1754 5167 1792 5212 τοῦ
1806 5169 1863 5218 fur.-

290 5231 390 5289 σομίνυυ
401 5233 494 5294 ἀριστος
505 5236 625 5295 εἰκαστής.

320 5298 423 5349 ἰιίἰίίίίί.
439 5300 455 5363 §
470 5305 492 5352 1.
506 5303 589 5354 Ἔστιν
602 5307 652 5356 ἃδέ
663 5307 753 5357 τούτων
766 5308 871 5373 κα11εῖο
886 5323 956 5375 πνρας
967 5312 1029 5362 ἐστιν
1041 5311 1080 5366 οὓς
1094 5311 1119 5360 δῖ
1134 5311 1175 5360 καὶ
1187 5313 1247 5361 text.
1266 5312 1276 5376 ΙΙ
1289 5338 1321 5350 -
1335 5315 1350 5376 §
1362 5318 1384 5362 2.
1403 5312 1524 5377 Νοταρᾶν]
1537 5314 1572 5361 De
1585 5298 1679 5361 νῖτίιιίε
1697 5311 1766 5358 [που
1780 5301 1864 5352 Now&
