3838 6030
540 406 716 472 HlSTOlRE
739 411 791 473 llU
813 404 941 473 REGNE
962 412 1013 471 DE
1034 410 1225 472 'liutbtus

81 551 254 608 inuitensives
271 562 299 607 et
319 570 375 607 une
396 551 472 626 grele
496 549 532 605 de
546 551 667 625 pierres,
688 567 722 604 ce
740 550 790 622 qui
805 548 846 604 el-

80 642 153 716 srnyu
169 659 226 717 peu
241 642 280 696 les
292 659 442 695 nonvenux
456 639 582 713 adeptes.
598 638 700 710 Quend
711 637 847 712 Gregoire

80 734 118 787 rit
136 732 207 799 cela,
223 731 243 784 il
256 729 286 785 fit
300 731 326 784 le
343 731 421 803 signe
440 729 478 783 du
500 728 643 801 Seigneur,
671 728 804 782 courutn
821 728 847 783 lu

81 831 157 895 porte
171 819 211 874 du
231 819 352 894 temple,
368 830 396 874 et
413 828 506 873 tontes
523 818 564 872 les
589 817 796 872 constructions
811 816 847 871 de

80 908 210 976 dedistne,
221 909 366 965 dbrnnle'es
376 907 479 980 jusque
492 906 561 961 dans
571 906 646 961 leurs
656 904 846 973 londements,

79 997 283 1054 s’dcroulerent.
299 999 353 1053 Les
363 997 521 1051 mnte'rinux
531 1013 566 1050 en
576 995 640 1050 bois
655 993 847 1051 s’nllnrnerent

79 1087 283 1162 isl'improviste
297 1098 326 1142 et
345 1085 491 1142 brirlerent
504 1102 557 1158 par
570 1084 598 1139 ln
609 1085 755 1158 puissnnce
769 1083 804 1139 de
820 1085 848 1138 ln

80 1176 154 1231 croix
167 1175 280 1245 divine,
296 1187 324 1230 et
335 1176 362 1229 ln
385 1175 477 1229 surnde
489 1173 589 1229 s’rileva
612 1191 722 1227 comme
745 1174 785 1228 les
802 1191 847 1227 ra·

78 1284 165 1321 mures
174 1264 242 1320 d’un
253 1264 339 1320 arbre
345 1263 498 1337 jusqu'nux
509 1281 587 1318 unes.
599 1264 675 1317 Tuus
683 1262 723 1317 les
731 1261 848 1318 demens

79 1356 180 1429 prirent
193 1354 270 1409 alors
288 1354 314 1408 ln
325 1353 396 1408 luite
407 1352 511 1408 devant
525 1352 550 1406 ie
562 1352 680 1427 purple,
703 1350 849 1413 decbirnnt

79 1445 146 1499 leurs
164 1444 322 1498 retentents
335 1453 364 1499 et
380 1461 409 1497 se
426 1441 559 1516 lrnppnnt
576 1441 603 1494 le
624 1439 718 1512 frent,
735 1440 849 1495 hurlnnt

79 1542 243 1607 etpoussnnt
253 1531 303 1588 des
314 1533 368 1587 cris
380 1528 559 1586 declrirnnls:
574 1553 585 1579 ι
599 1529 727 1583 bleiheur
737 1529 752 1584 n
763 1548 846 1598 nous,

78 1640 157 1696 perce
171 1640 227 1695 que
243 1620 336 1690 Jesus,
350 1619 392 1675 lils
405 1619 441 1674 de
461 1619 559 1689 Music,
576 1635 648 1672 nous
663 1616 757 1672 chasse
773 1616 809 1673 de
822 1617 850 1672 lu

79 1721 146 1765 terre
161 1721 223 1765 tout
237 1709 359 1779 entiere3
375 1710 395 1763 il
417 1727 489 1763 nens
502 1706 561 1762 faut
572 1707 679 1779 quitter
695 1726 740 1761 ces
758 1707 848 1776 lieux,

78 1818 125 1872 par
143 1800 168 1854 le
184 1800 333 1874 puissnncc
354 1797 402 1853 des
418 1806 508 1866 murts
520 1806 549 1850 et
563 1794 612 1850 des
624 1794 740 1868 cuptifs3
757 1794 850 1868 qu'nl-

1618 416 1675 476 tbtt

901 550 1021 624 pnisque
1033 566 1063 605 sa
1075 550 1165 623 gleire
1175 551 1289 625 reruplit
1302 550 1676 609 l'universllrons·neusuu

901 639 998 693 millen
1008 637 1058 694 des
1071 638 1212 695 habiturus
1221 639 1262 695 dn
1270 640 1451 709 Caucuse‚du
1464 641 1527 696 erite
1539 639 1677 698 dunordi

902 728 928 782 λδ
942 728 1088 803 peut-etro
1099 746 1338 803 pourrons-nous
1347 749 1421 786 nous
1431 729 1534 786 eucher
1546 741 1574 785 et
1587 731 1676 800 vivre,

901 827 930 872 el
942 835 977 872 eu
997 816 1053 871 lien
1064 815 1100 871 de
1110 816 1268 873 eembnttre
1283 835 1351 873 avec
1363 819 1402 874 les
1416 830 1512 887 rents,
1524 837 1587 874 suns
1604 820 1677 875 reli-

901 905 966 975 cbe,
982 905 1095 980 eriperis
1107 904 1157 960 des
1171 905 1345 961 habitations
1364 907 1414 963 des
1431 908 1575 975 hommes,
1589 926 1676 982 pour·

901 1012 1055 1049 runs-nous
1065 995 1223 1068 accumplir
1237 1006 1321 1049 notre
1337 997 1456 1051 volente
1470 1005 1571 1051 contre
1583 1014 1648 1052 eux.
1663 1020 1676 1046 ν
1724 1038 1728 1045 .

901 1085 977 1139 'lons
991 1102 1062 1139 ceux
1079 1084 1129 1157 qni
1149 1083 1329 1140 entendirent
1344 1103 1391 1141 ces
1409 1086 1522 1161 paucies
1543 1080 1575 1164 [S
1598 1084 1677 1163 r3r.]

902 1172 997 1228 serent
1014 1171 1163 1228 confirmes
1179 1172 1249 1228 ‹lnns
1261 1174 1287 1229 le
1300 1173 1351 1229 foi.
1375 1176 1458 1231 diors
1476 1176 1503 1231 ln
1517 1185 1620 1250 troupe
1635 1177 1680 1230 ιε’-

902 1262 1039 1318 ιιέλνι·ειιεε
1053 1262 1103 1318 des
1116 1263 1234 1319 demens
1246 1263 1376 1337 dispnrut
1385 1263 1421 1319 de
1436 1283 1469 1319 ce
1486 1264 1553 1332 lieu,
1570 1281 1680 1320 comme

903 1370 958 1407 nne
977 1351 1079 1409 tumre.
1105 1353 1176 1407 Meis
1199 1353 1224 1407 le
1247 1353 1351 1427 peuple
1373 1353 1421 1426 qui
1448 1354 1515 1408 eluit
1541 1355 1634 1410 arrive
1654 1354 1680 1409 lt

904 1441 1035 1497 detruisit
1056 1442 1172 1498 nussitdt
1193 1442 1233 1496 les
1259 1440 1438 1497 fondements
1463 1444 1512 1515 qui
1531 1444 1679 1511 restnien13

904 1531 925 1584 il
945 1530 1082 1586 distribue
1104 1531 1143 1586 les
1162 1532 1265 1586 tresors
1284 1531 1368 1604 qniy
1394 1532 1499 1586 etolent
1521 1533 1682 1587 accumules

904 1638 959 1675 nux
973 1618 1149 1695 meridiane,
1163 1637 1219 1675 nux
1231 1638 1353 1695 pauvres
1365 1629 1394 1675 et
1412 1638 1469 1675 nux
1494 1622 1679 1678 necessiteux.

904 1709 941 1765 Le
954 1710 1076 1777 terrain,
1087 1709 1128 1764 les
1147 1710 1303 1779 ministres,
1319 1727 1389 1765 avec
1407 1710 1447 1765 les
1460 1712 1570 1786 pretres
1584 1717 1682 1785 pniens

904 1810 933 1853 et
947 1799 1021 1853 leurs
1039 1798 1132 1868 biens,
1147 1797 1243 1854 lucent
1266 1798 1375 1854 donnes
1395 1816 1471 1873 pour
1484 1800 1510 1854 le
1523 1801 1632 1855 seruire
1646 1799 1682 1854 de

14 1958 16 1963 Ι
79 1889 219 1944 lonsmons
253 1888 381 1955 devenir,
405 1885 512 1961 lugitifs
537 1904 593 1961 (lue
618 1903 691 1940 neris
715 1903 849 1954 somnies,
874 1879 881 1953 l
903 1870 1025 1961 l'igtise.
1040 1888 1154 1943 Ensuite
1171 1887 1317 1961 Gregoire‚
1332 1898 1441 1943 semnnt
1455 1887 1523 1942 chen
1545 1907 1599 1942 eux
1618 1900 1683 1943 tous

78 2108 140 2185 ἱερὸν
154 2108 260 2189 ἔρυγον,
275 2109 333 2166 ὅθεν
349 2107 394 2167 καλ
415 2114 467 2172 τοῖς
482 2106 678 2165 καταλαθοῦσιν
701 2104 846 2184 ἀνθρώποις

77 2198 256 2272 ἀνθιστάμενον
272 2195 414 2277 ἐμάχοντο,
429 2195 494 2276 βέλη
514 2194 632 2253 ἀδύνατα
647 2194 694 2253 καὶ
712 2192 798 2260 λίθους
813 2197 848 2258 ώς

77 2285 203 2352 λαίλαπας
219 2286 318 2345 ἀνωθεν
333 2287 362 2343 ἐκ
376 2289 423 2357 τῆς
437 2285 575 2361 οἰκοδομῆς
590 2281 659 2342 κατά
673 2286 725 2341 τῶν
742 2282 848 2362 ἀνθρώ·

77 2397 128 2433 πων
152 2376 345 2445 ἀκοντίζοντες,
371 2371 413 2440 οθς
438 2372 502 2453 πρὸς
531 2373 618 2449 ὀλίγον
646 2371 773 2450 ἐτάραξαν
796 2395 854 2453 νεοχ

78 2462 178 2531 πίστους
197 2466 377 2543 ὑπάρχοντας.
399 2460 448 2528 Ὦς
469 2462 496 2520 δὲ
523 2461 664 2541 Γρηγόριος
677 2466 762 2518 ταῦτα
776 2461 847 2518 ἐθεά-

12 2538 14 2553 ’
76 2573 151 2624 σατο,
167 2552 197 2610 τὸ
212 2550 369 2611 δεσποτικὸν
386 2554 495 2626 σημεῖον
520 2558 565 2610 τοῦ
589 2554 703 2629 σταυροῦ
716 2548 849 2623 ποιήσας,

11 2698 12 2707 ,
76 2642 108 2705 εἰς
124 2639 169 2710 τὴν
181 2640 264 2720 θύραν
281 2643 325 2697 τοῦ
335 2641 405 2718 ἱεροῦ
419 2638 538 2718 ἔρθασεν,
551 2637 594 2697 καλ
605 2636 678 2705 etti:
693 2642 710 2708 ἡ
724 2638 848 2713 οἰκοδομὴ

11 2750 13 2755 ·
77 2734 204 2788 σεισθεῖσα
231 2731 261 2788 ἐκ
276 2727 403 2805 θεμελίων
423 2728 577 2786 κατέπεσεν.
594 2726 628 2788 Ἥ
652 2727 677 2785 δέ
695 2730 745 2785 τῶν
767 2725 849 2795 ξύλων

11 2820 12 2865 3
77 2816 224 2889 asturicensi
239 2819 383 2898 ἀναρθεῑσα
399 2816 516 2889 κατεκάη
532 2815 584 2876 ἀπὸ
604 2820 651 2888 τῆς
672 2820 717 2873 τοῦ
739 2815 848 2893 σημείου

78 2905 216 2984 δυνάμεως.
235 2904 269 2966 ’0
283 2907 309 2965 δὲ
321 2905 420 2973 καπνὸς
432 2906 476 2963 τὸν
489 2906 554 2985 ἀέρα
570 2904 709 2985 ἐκάλυψεν,
725 2904 768 2962 καλ
783 2903 849 2963 πάν-

76 3019 113 3061 τες
134 2998 158 3054 οί
178 2996 322 3072 δαίμονες,
346 2995 457 3075 φυγάδες
485 2993 636 3071 γενόμενοι,
666 2993 776 3052 ἐνώπιον
797 2995 848 3051 τῶν

78 3082 216 3163 ἀνθρώπων
249 3083 395 3165 φαντασίας
420 3081 524 3142 ἐποίουν
560 3081 777 3162 περιεσχισμένοι
802 3081 848 3141 καὶ

77 3172 231 3248 κοπτόμενοι
244 3174 271 3232 ἐν
283 3175 387 3251 κραυγῇ
404 3173 506 3251 μεγάλῃ
519 3174 563 3229 καὶ
578 3174 705 3251 κλαυθμῷ
720 3169 848 3248 λέγοντες·

10 3274 12 3281 ’
77 3261 141 3320 Οὐαὶ
153 3267 239 3338 ἡμῖν,
252 3260 310 3319 obul
323 3264 400 3335 ἡμῖν,
413 3260 452 3317 ὅτι
463 3259 514 3319 ἀπὸ
528 3258 616 3333 ποίονγς
628 3264 675 3331 τῆς
689 3263 737 3337 γῆς
752 3258 849 3339 ἐρυγά·

77 3350 161 3410 δευσεν
176 3355 248 3425 ἡμᾶς
270 3348 384 3421 Ἰησοῦς,
402 3353 416 3408 δ
438 3348 492 3414 υίὸς
508 3348 630 3427 Μαρίας,
661 3347 707 3407 καί
731 3350 848 3407 ἐντεῦθεν

10 3472 11 3479 1
78 3439 117 3496 διά
131 3445 175 3497 τοῦ
196 3437 308 3515 δεσμίου
333 3437 378 3495 καλ
403 3437 557 3510 τεθνηκότος
583 3436 726 3516 Γρηγορίου
746 3437 849 3515 γέγονεν

76 3532 136 3605 ἡμῖν
150 3527 247 3595 δίωξις.
266 3527 325 3585 liet
348 3517 393 3586 οθν
414 3525 556 3606 ρύγονμεν;
579 3529 595 3596 ἡ
615 3525 667 3603 γδιρ
689 3524 750 3597 δόξα
770 3527 849 3584 αὐτοῦ

78 3616 228 3697 ἐπλήρωσεν
250 3614 296 3688 τὴν
312 3618 357 3673 ὑπ’
373 3616 491 3696 οθρανόν.
515 3616 569 3674 Νῦν
589 3605 633 3674 niis
651 3614 850 3694 ἐκχωρήσαντες

78 3706 230 3782 ἀπέλθωμεν
246 3706 283 3771 εἰς
301 3703 452 3776 κατοίκησιν
467 3706 493 3762 ἐν
508 3702 565 3782 ὄρει
584 3704 729 3784 Καυκασίιρ
751 3706 777 3762 ἀν
799 3705 851 3770 τοῖς

78 3795 165 3875 μέρεσι
182 3796 276 3877 βορρᾶ,
288 3792 358 3860 ὅπως
371 3795 454 3852 ἐκεῖσε
471 3790 639 3859 διασωθέντες
662 3792 849 3871 ἡσυχάσωμεν.

78 3882 226 3951 Ἀπαύστως
241 3882 292 3961 γάρ
306 3881 374 3940 κατὰ
386 3881 429 3941 τὸν
445 3881 508 3959 ἀέρα
524 3880 709 3957 πλανωμένους
723 3880 849 3953 ποιήσας,

77 3972 228 4053 διεχώρισεν
245 3971 299 4030 ἀπὸ
317 3976 364 4043 τῆς
379 3968 511 4047 ἐπιμιξίας
531 3973 582 4028 τῶν
606 3967 758 4051 ἀνθρώπων,
783 3969 850 4029 ὥστε

77 4060 113 4134 μὴ
126 4061 282 4121 συντελέσαι
295 4060 328 4118 δι’
344 4061 429 4117 αὐτῶν
443 4059 488 4125 τὰς
501 4057 641 4135 ἐπιθυμίας
657 4061 850 4136 bettefredum

78 4150 103 4206 δὲ
116 4151 203 4229 ἔλεγον
220 4151 325 4219 ἐκεῖνοι,
343 4147 490 4206 ἀκουόντων
507 4148 621 4207 πάντων.

115 4241 131 4315 S
156 4242 223 4298 131.
249 4241 284 4298 Οί
306 4238 332 4295 δὲ
356 4236 489 4317 ἄνθρωποι
513 4235 705 4316 περισσοτέρως
720 4238 745 4295 ἐν
761 4241 794 4315 τῇ
810 4236 851 4296 πί·

77 4349 130 4387 stu
152 4328 252 4407 ἑδραῖοι
266 4326 391 4403 ἐγίνοντο.
415 4326 612 4408 Μελανορανεῖς
632 4324 660 4383 δέ
681 4331 705 4384 οἱ
727 4322 849 4400 δαίμονες

78 4415 209 4492 ἀρθέντες,
223 4418 258 4481 ὡς
272 4413 386 4488 καπνδς,
403 4414 455 4471 ἀπὸ
475 4420 522 4473 τοῦ
537 4413 618 4473 τόπου
638 4413 736 4473 ἐκείνου
752 4411 848 4482 ἐξέλει-

78 4526 135 4565 πον.
153 4505 269 4565 Πάντων
294 4501 321 4561 δέ
335 4502 498 4562 καθελόντων
519 4501 549 4560 r'o
572 4502 640 4582 ίερδν
663 4506 692 4562 ἐκ
713 4502 848 4578 θεμελίων,

79 4591 185 4672 δρπαγὴ
212 4597 265 4651 τῶν
281 4594 366 4650 ἐκεῖσε
380 4595 518 4671 θησαυρῶν
538 4592 627 4670 γέγονε
647 4599 699 4658 τοῖς
719 4591 850 4667 δεομένοις

78 4683 121 4740 καί
134 4683 263 4762 πτωχοῖς,
281 4680 401 4762 δρρανοίς
419 4704 447 4739 τε
461 4681 506 4738 καί
530 4682 624 4760 χήραις
639 4680 683 4739 καλ
702 4681 850 4757 ἀπερισπά-

78 4792 128 4836 τοις
141 4767 363 4848 διανεμηθέντων.
379 4769 437 4839 Τὴν
453 4771 480 4827 δὲ
495 4767 622 4848 περιοχὴν
635 4774 680 4828 τοῦ
697 4770 767 4846 ίεροῦ
782 4768 849 4845 μετὰ

79 4862 129 4916 τῶν
149 4861 288 4939 ὑπηρετῶν
301 4860 379 4917 αὐτοῦ
394 4859 438 4917 καί
453 4861 504 4916 τῶν
519 4861 604 4935 ἱερῶν,
614 4858 658 4916 καὶ
672 4856 785 4937 ἀρούρας
805 4854 851 4916 καί

79 4945 153 5025 δρίων
169 4950 206 5015 εἰς
215 4947 334 5006 δουλείαν
344 4951 389 5018 τῆς
401 4949 619 5019 ἐκκλησιαστικαῖς
628 4944 770 5024 ὑπηρεσίας
779 4943 849 5026 ἀρώ·

80 5056 164 5113 ρισαν.
181 5035 275 5099 otro<
296 5034 326 5104 δὴ
348 5045 427 5094 πᾶσιν
447 5039 461 5092 δ
483 5035 556 5112 ἅγιος
578 5034 720 5114 Γρηγόριος
742 5033 850 5113 σπείρας

79 5122 211 5203 τὸνλόγον
226 5128 274 5195 τῆς
288 5124 458 5201 θεογνωσίας,
473 5124 518 5183 καί
532 5124 633 5189 πάντας
654 5122 754 5195 στάσας
774 5126 800 5181 ἐν
814 5147 847 5200 τῃ

79 5216 122 5271 ut
138 5214 254 5294 Χριστοῦ
268 5214 332 5293 ὁδῷ,
344 5212 458 5281 ἐδίδαξεν
473 5214 519 5280 τάς
534 5212 639 5280 ἐντολὰς
649 5219 696 5270 τοῦ
712 5212 849 5277 ντίσοιντος

903 2104 970 2169 plum
987 2103 1071 2154 niune
1087 2107 1243 2155 recesserunt
1256 2120 1263 2153 :
1277 2104 1343 2156 unde
1362 2105 1436 2157 etiem
1452 2106 1680 2170 supervenientibus

907 2205 1050 2256 bominibus
1060 2205 1203 2257 resistentes
1222 2206 1377 2271 pugnabant,
1394 2207 1477 2271 jacula
1492 2207 1636 2272 impotentia
1657 2212 1683 2259 et

905 2307 1000 2372 lapides
1011 2306 1151 2357 nimborum
1167 2306 1246 2358 inster
1256 2320 1285 2358 ex
1304 2320 1418 2372 supreme
1438 2307 1536 2359 edibeii
1558 2312 1629 2373 perte
1646 2308 1683 2360 vi·

904 2410 1039 2462 brentesin
1058 2408 1184 2471 homines,
1204 2422 1284 2473 quos,
1304 2410 1391 2473 utpote
1412 2407 1565 2473 neophytos,
1584 2410 1682 2461 modico

904 2517 1016 2579 tempore
1030 2511 1216 2577 perturbarunt.
1230 2514 1263 2563 At
1275 2511 1319 2563 ubl
1330 2525 1360 2562 ee
1375 2511 1441 2564 vluit
1450 2512 1599 2577 Gregorius,
1617 2513 1683 2565 lucto

904 2615 1034 2668 Dominicu
1046 2615 1130 2666 crucis
1140 2614 1217 2679 signo,
1226 2613 1252 2665 in
1261 2618 1358 2679 portem
1368 2615 1452 2681 templi
1463 2616 1584 2680 pervenit,
1592 2620 1619 2668 et
1628 2632 1683 2668 eon·

906 2720 976 2771 tbruo
987 2719 1083 2768 mutum
1095 2731 1110 2767 n
1123 2716 1290 2768 fundamentis
1305 2716 1438 2768 editicium
1452 2718 1560 2769 concidit
1575 2740 1581 2770 ι
1603 2720 1680 2785 ligno·

904 2835 961 2872 rum
972 2820 1032 2870 vero'
1041 2818 1158 2869 materies
1170 2817 1263 2868 virtute
1272 2817 1335 2883 signi
1344 2818 1445 2869 incense
1456 2822 1495 2870 est
1506 2824 1532 2871 et
1542 2820 1681 2873 cumbusta.

905 2924 1091 2975 Fumnssntem
1111 2933 1169 2977 nere
1180 2919 1336 2984 obscuravit,
1348 2924 1375 2972 et
1392 2934 1478 2973 omnes
1502 2922 1642 2985 demones,
1658 2923 1684 2974 in

905 3028 988 3091 legem
1003 3025 1122 3088 conjecti,
1140 3037 1224 3074 curem
1238 3023 1378 3075 hominibus
1391 3028 1488 3089 spectra
1503 3025 1639 3087 leciebnnt,
1659 3029 1684 3077 et

903 3128 1016 3181 dissoluti
1037 3128 1229 3193 plangentesque
1254 3141 1344 3192 megno
1366 3142 1423 3178 curn
1448 3127 1556 3180 clemore
1574 3133 1600 3181 et
1623 3130 1683 3180 tletu

903 3233 1037 3285 dicebantz
1053 3230 1193 3282 venoblsl
1208 3245 1248 3282 se
1264 3230 1349 3283 nobie!
1369 3231 1465 3295 quises
1476 3231 1543 3281 omni
1560 3235 1627 3282 terre
1645 3232 1683 3282 lu·

904 3337 971 3402 gerit
987 3337 1134 3397 ecclesus,
1153 3332 1334 3395 Menenius,
1356 3336 1382 3384 et
1401 3333 1443 3384 blo
1464 3347 1510 3399 per
1530 3334 1642 3387 rincturn
1659 3340 1685 3387 et

904 3442 1029 3490 mortuum
1046 3436 1190 3503 Gregortum
1201 3436 1322 3488 concitate
1339 3440 1378 3487 est
1395 3436 1527 3488 adversum
1545 3449 1591 3487 nos
1603 3451 1685 3502 perse-

904 3543 980 3595 cutio.
995 3546 1051 3603 Quo
1065 3555 1123 3607 ergo
1137 3540 1279 3606 fugiemus?
1289 3552 1345 3591 nem
1359 3539 1436 3604 glorie
1452 3540 1506 3604 ejus
1519 3540 1635 3606 implerit
1648 3555 1677 3592 or

906 3648 963 3697 bem
972 3647 1103 3697 terrerum.
1121 3647 1191 3694 Nune
1203 3643 1289 3707 itaque
1297 3641 1414 3694 cedentes
1428 3641 1587 3694 ‹llscednmus
1597 3643 1630 3694 ed
1638 3644 1672 3695 bs

907 3746 1035 3800 bitendum
1048 3747 1072 3797 in
1088 3749 1172 3798 monte
1185 3748 1310 3807 canense,
1325 3746 1349 3795 in
1363 3745 1477 3810 pertibus
1486 3744 1643 3808 borealibus,
1657 3752 1686 3800 ut

906 3846 999 3898 ibidem
1012 3846 1106 3898 serrati
1118 3846 1238 3911 inquiete
1253 3844 1380 3910 rigemus.
1391 3846 1454 3894 lton
1465 3843 1630 3896 indesinenter
1640 3858 1686 3909 per

906 3961 963 3998 nera
975 3948 1092 4012 vngmtes
1105 3960 1150 3996 nos
1160 3944 1219 3996 lecit
1230 3948 1256 3996 et
1267 3943 1412 4008 sepersvitu
1421 3942 1539 3994 sedente
1548 3942 1685 4006 bominum,

907 4049 935 4097 ut
947 4060 995 4096 non
1002 4045 1160 4109 perficientur
1175 4044 1207 4096 ab
1219 4042 1399 4094 illisdesiderie
1413 4044 1506 4094 nostre.
1522 4044 1582 4092 llec
1594 4041 1630 4092 illi
1645 4040 1684 4092 ‹ll-

911 4149 1015 4208 cebunt,
1026 4147 1185 4198 audientibus
1196 4146 1319 4197 omnibus.

936 4252 951 4315 §
970 4255 1022 4301 131.
1042 4248 1160 4299 llomines
1173 4250 1257 4299 entem
1272 4247 1298 4297 in
1309 4247 1358 4299 lule
1377 4247 1545 4300 abundantius
1556 4245 1685 4297 tlrmeben·

905 4349 955 4397 tur.
972 4349 1106 4408 Postquam
1115 4355 1174 4394 reru
1189 4342 1315 4395 demones
1328 4344 1397 4409 nigre
1406 4344 1486 4408 specie
1505 4343 1604 4393 luerent
1617 4340 1681 4403 risi,

904 4448 1031 4509 temqunm
1051 4444 1148 4506 tumus,
1166 4457 1180 4494 a
1201 4442 1256 4493 loco
1275 4443 1316 4493 ille
1338 4445 1498 4493 evanuerunt.
1519 4440 1685 4492 Atumnibns

905 4543 1051 4607 templnme
1068 4537 1235 4590 fundamentis
1254 4537 1425 4599 diruenlibns,
1438 4535 1550 4602 spoliatio
1563 4537 1684 4591 recteest

905 4639 1075 4689 thesaurorum
1089 4636 1122 4686 lbi
1136 4639 1306 4697 retentorum,
1321 4635 1365 4699 qui
1374 4634 1539 4700 indigentibus
1551 4638 1577 4686 et
1589 4647 1684 4699 pnnpe·

905 4734 973 4784 ribus
984 4732 1131 4798 pupillisque
1143 4734 1169 4782 et
1191 4730 1273 4781 viduis
1291 4733 1318 4781 et
1334 4729 1476 4781 bominibus
1490 4729 1615 4781 derelictis
1629 4730 1683 4781 lue·

906 4834 965 4882 runt
983 4828 1064 4880 dirisi.
1083 4828 1211 4881 Ambitnm
1226 4829 1310 4894 templi
1329 4842 1387 4879 eum
1402 4828 1519 4879 ministris
1537 4827 1590 4890 eius
1608 4830 1635 4880 et
1645 4843 1683 4880 sn·

905 4924 967 4984 cris,
980 4926 1093 4990 agrisque
1102 4929 1128 4974 ct
1140 4923 1263 4987 terminis,
1281 4923 1306 4974 in
1318 4924 1447 4975 servitium
1458 4923 1588 4975 ministerii
1601 4923 1677 4976 eccle·

905 5022 996 5073 siestlcl
1028 5024 1212 5086 seperaverunt.
1245 5025 1297 5074 lloc
1317 5020 1393 5073 modo
1418 5027 1520 5074 unctus
1548 5021 1682 5088 Gregorius

904 5118 1020 5170 omuibus
1034 5118 1164 5169 semirnvit
1176 5118 1253 5170 verbe
1276 5117 1420 5184 cognitionis
1433 5118 1492 5181 Del.
1507 5134 1642 5186 omnesque
1656 5121 1683 5173 ln

905 5217 945 5268 rin
956 5215 1047 5267 Christi
1063 5216 1204 5280 constituit,
1221 5221 1246 5268 et
1256 5217 1344 5269 deinde
1359 5222 1484 5283 precepto
1501 5219 1562 5283 Dei,
1579 5218 1623 5286 gul
1639 5231 1682 5272 ευε
