3842 6036
234 468 294 528 168

234 600 262 658 αἶ
273 597 397 678 μάστιγες
410 597 457 668 τήν
471 597 564 670 ὀδύνην
581 597 786 659 ἐναποτίθενται.
798 595 832 658 Ἣ
841 598 892 675 γάρ
903 621 943 656 τοι
954 601 1006 655 τῶν

233 683 1008 765 ἀσθενεστέρωντεκαίπαρεωραμένωνκατδιτῶνέπιφανείφ

233 773 457 854 λαμπρυνομένων
468 771 513 832 καί
525 772 601 850 ἶσχόν
610 774 723 852 ἀμάχων
732 772 885 853 ἐπικράτεια
897 770 1008 851 ἀνυπίρ·

234 860 331 931 ῦλητον
346 859 492 937 παρίστησι
503 859 549 930 τήν
564 859 680 937 πληγήν,
692 861 899 937 ἀπαραμύθητον
909 862 1009 936 είσάγει

233 945 282 1016 τήν
300 945 450 1026 συμφοράν,
461 947 643 1014 ἀνεξάλειπτον
662 946 766 1027 συνέχει
775 951 827 1006 τῶν
838 945 1008 1025 δυστυχημά-

232 1056 285 1094 τινν
295 1032 343 1107 τήν
356 1033 473 1111 μνήμην.
516 1037 547 1110 (ε)
560 1033 639 1095 Οῦτω
648 1043 707 1104 ταῖς
719 1035 839 1111 ἀνομίαις
850 1037 927 1111 ἡμῶν
941 1036 1008 1113 ἐμα-

233 1121 378 1201 στίχθημεν
385 1120 432 1179 καὶ
439 1121 492 1187 τοῖς
498 1122 608 1180 πάθεσιν
615 1122 785 1197 ῶδυνήθημεν
797 1125 905 1190 καὶτοῖς
917 1144 1006 1201 παρα-

233 1210 374 1288 πτώμασιν
388 1208 600 1284 ἐταπεινώθημεν
611 1209 717 1278 καὶτοῖς
727 1217 816 1276 κακοῖς
826 1208 1007 1289 ἐκαρόιθημεν,

234 1296 417 1378 μυκτηρισμδς
430 1296 476 1356 καί
489 1298 639 1376 χλευασμὸς
650 1307 704 1365 τοῖς
715 1298 806 1378 κύκλῳ
817 1297 961 1376 γενόμενοι·
971 1289 1008 1364 οἷς

233 1387 285 1465 γὰρ
294 1383 353 1445 οθδέ
365 1383 508 1461 Ῥωμαίων
520 1384 597 1463 φήμη
610 1383 677 1461 μόνη
692 1385 795 1465 φορητή
806 1407 871 1443 ποτε
885 1385 1010 1467 κατεφαί·

232 1461 378 1552 νιτηοῦτοι
386 1469 450 1530 κατ’
458 1471 539 1543 αύτῆς
549 1473 634 1530 αὐτῶν
643 1475 691 1543 τῆς
700 1468 816 1538 ἐξουσίας
824 1469 1008 1550 ὀπλαῇροντυ,

233 1562 279 1622 καί
290 1560 336 1631 τάς
348 1568 441 1640 χεῖρας
456 1559 633 1641 ἀνεκρότησαν
647 1560 674 1619 ἐν
689 1558 777 1619 ῶπίδι
790 1563 837 1618 τοῦ
854 1556 945 1618 λαθεῖν
959 1556 1008 1631 τήν

234 1648 359 1729 βασιλίδα
373 1648 450 1707 πολιν
464 1650 500 1715 ὡς
517 1646 621 1706 νοσσιάν
636 1646 822 1726 φρυαξάμενοι.
868 1643 904 1718 ίυ)
922 1647 966 1706 Τά
980 1668 1009 1703 τε

232 1737 284 1816 γάρ
307 1735 382 1817 πέριξ
405 1736 486 1808 αὐτῆς
506 1735 648 1807 ἐληίσαντο
669 1735 715 1794 καί
734 1732 770 1793 τά
786 1732 838 1813 πρὸ
858 1736 904 1793 τοῦ
919 1732 1010 1800 ἄστεος

234 1823 416 1901 ἐλυμήναντο,
432 1821 477 1882 καὶ
501 1821 560 1888 τοῦς
583 1822 778 1900 συλληφθέντας
795 1822 876 1897 ὠμῶς
890 1819 1010 1901 ἀπεχρή-

234 1934 315 1970 σαντο
328 1913 375 1970 καί
393 1909 441 1970 σῦν
462 1909 537 1993 ἀδείφ
550 1909 623 1987 πάσῃ
642 1909 726 1989 ταύτῃ
742 1911 950 1991 περιεχύθησαν,
968 1908 1011 1968 ἐπὶ

234 2006 357 2061 τοσοῦτον
369 1999 421 2058 ύπό
436 2002 483 2068 τῆς
496 1999 627 2079 ἡμετέρας
639 1996 782 2078 εὐπραγίας
795 1997 952 2075 ἐπαρθέντες
965 1995 1012 2055 καί

234 2087 378 2169 θψωθέντες
390 2083 458 2144 ῶστε
474 2087 537 2162 μηδ’
554 2086 638 2164 ὀρθοῖς
651 2089 687 2152 εές
702 2084 796 2154 αιίτοῦς
809 2086 854 2144 καὶ
870 2085 1011 2158 ἀπτοήτοις

234 2177 388 2246 ἐνατενίζειν
400 2184 454 2242 τοῖς
466 2177 610 2258 ὀφθαλμοῖς
623 2173 682 2243 τοῦς
696 2177 858 2243 ἐνοικοῦντας
868 2177 1006 2249 δύνασθαι,

234 2268 293 2326 ἀλλ’
306 2264 332 2334 ἐξ
346 2258 382 2324 εῦν
396 2264 462 2332 εέκός
475 2257 508 2337 ἦν
522 2267 624 2342 μᾶλλον
646 2263 739 2332 αύτούς
752 2264 941 2346 ἀνδρικώτερον
955 2267 1011 2333 τοῖς

233 2352 370 2431 πολεμίοις
380 2351 694 2428 συμπλέκεσθαι,τούτοις
704 2351 879 2433 ἐξενευροῦντο
888 2353 934 2414 καὶ
944 2377 1009 2414 κατ·

234 2442 357 2502 έπιπτον·
366 2441 402 2522 (τ)
422 2441 471 2514 τήν
494 2439 547 2520 γάρ
561 2445 598 2508 εἰς
611 2438 671 2509 τοῦς
685 2441 832 2522 ὁμοφύλους
842 2445 893 2501 τῶν
908 2441 1008 2523 βαρῦά·

236 2554 287 2612 ρων
303 2528 452 2611 μιαιφονίαν
469 2528 527 2588 δέον
543 2529 646 2589 δικαίαν
657 2534 789 2590 ποιεῖσθαι
802 2528 883 2609 ὀργήν
896 2531 942 2590 καὶ
954 2533 1010 2609 μετ’

234 2616 347 2697 εὐλόγων
364 2618 478 2677 ἐλπίδων
492 2616 540 2691 τήν
554 2616 614 2689 ἴσην
630 2618 759 2695 τιμωρίαν
775 2619 919 2694 ἐπάγεσθαι
931 2620 1012 2677 ἀπαι·

234 2707 302 2766 τεῒν·
315 2710 339 2766 οί
355 2706 384 2765 δέ
395 2706 591 2786 κατεπτηχότες
609 2706 654 2764 καί
670 2704 883 2784 ἐκπεπληγμένοι
900 2706 1011 2787 παρελέ-

233 2798 327 2874 λυντο,
350 2794 383 2854 τδι
413 2796 485 2867 τάθη
503 2799 556 2855 τῶν
572 2794 729 2852 ἑαλωκότων
751 2793 849 2853 οἰκείαν
871 2794 970 2854 ἅλωσιν
986 2797 1010 2854 σί

234 2886 396 2962 σεσωσμένοι
417 2885 464 2944 καί
485 2881 548 2965 παρ’
563 2872 601 2942 ῶν
622 2881 755 2954 ἐκδίκησις
779 2890 832 2948 τοῖς
848 2882 1010 2963 ἠτυχηκόσιν

233 2972 359 3053 ὠφείλετο
382 2971 581 3055 φανταζόμενοι.
623 2972 658 3050 (ε)
672 2971 733 3050 Ἐφ’
748 2971 819 3040 ἅπαξ
840 2973 890 3053 γὰρ
910 2979 956 3032 τοῦ
970 2974 1009 3032 αέ·

234 3062 334 3142 φνιόίου
351 3062 471 3139 δείματος
486 3065 540 3130 τοῖς
553 3064 599 3132 τῆς
613 3059 722 3139 καρδίας
738 3059 845 3128 κόλποις
857 3059 1009 3133 ἐναποσκή·

234 3156 328 3231 φάντος
342 3149 388 3211 καὶ
404 3152 439 3216 εἰς
457 3157 563 3228 τραῦμα
581 3148 611 3208 τθ
624 3148 706 3214 πάθος
720 3147 906 3226 κοιλάναντος,
920 3148 1009 3230 ὥσπερ

233 3239 287 3299 ἀτδ
299 3245 387 3318 πηγῆς
398 3261 468 3304 τινος
479 3237 525 3295 καί
537 3240 622 3316 ἀρχῆς
631 3240 676 3295 τοῦ
695 3236 865 3316 περικαρδίου
881 3235 1009 3315 μώλωπας

235 3327 262 3387 τὸ
277 3332 325 3399 τῆς
338 3325 435 3392 δειλίας
455 3328 540 3404 ρεῦμα
553 3324 598 3383 καὶ
613 3325 649 3391 εἰς
662 3323 723 3383 ὅλον
741 3325 771 3384 τό
791 3327 869 3402 σῶμα
888 3347 1010 3406 μετωχε-

234 3416 322 3475 τεύετο
334 3414 379 3473 καί
398 3413 546 3493 παρειμένα
560 3411 662 3479 πάντας
673 3411 800 3493 φέροντας
815 3411 850 3471 τόι
864 3412 933 3489 μέλη
948 3411 1008 3480 τοῦς

234 3505 264 3583 ίφ
282 3493 320 3568 οἷς
340 3506 357 3572 ἡ
375 3505 421 3559 τοῦ
445 3497 565 3573 πολέμου
587 3496 672 3579 κρίσις
697 3495 816 3559 ἀνέκειτο
839 3498 1006 3562 διεδείκνυεν.

234 3594 266 3668 ζν)
274 3590 355 3652 Οὕτω
364 3589 396 3662 δή
408 3592 453 3647 τοῦ
466 3584 692 3667 βαρῦάρουφύλου
701 3585 865 3666 γεγενήμεθα
876 3586 1009 3666 παίγνιον,

233 3678 279 3737 καί
289 3677 337 3748 τήν
351 3675 463 3749 ἀπειλὴν
480 3676 565 3733 αὐτῶν
585 3672 768 3732 ἀνυπόστατον
788 3674 946 3751 ἡγησάμεθα
965 3676 1011 3734 καί

232 3767 278 3840 τήν
293 3766 391 3848 βουλήν
405 3763 615 3844 ἀκαταίσχυντον
625 3762 671 3822 καὶ
681 3760 729 3835 τήν
742 3761 892 3841 προσῦολήν
907 3765 1009 3844 ἀπροσ-

232 3855 363 3935 μάχητον.
403 3851 491 3914 Ἔνθα
514 3851 565 3931 γὰρ
585 3849 651 3931 ὀργή
667 3854 745 3929 θεοῦ,
761 3853 815 3911 ἐκεῖ
827 3852 873 3911 καί
894 3853 925 3912 τὸ
945 3856 1009 3912 ἀτυ-

230 3948 303 4024 χεῖν,
315 3942 361 4003 καί
384 3944 462 4016 ἡνίκα
488 3942 565 4008 αὐτὸς
579 3940 790 4021 ἀποστρέφεται,
807 3942 837 4000 ἐκ
850 3944 897 4000 τοῦ
911 3939 1009 4021 ῥᾴστου

231 4032 277 4091 καί
294 4032 325 4089 τό
344 4033 564 4110 καταστραφῆναι
585 4026 790 4108 παρεισδύεται,
802 4028 849 4087 καὶ
869 4026 914 4095 οῦς
932 4027 1010 4095 αὐτὸς

234 4121 409 4197 μαστίζεσθαι
437 4117 621 4198 παραδίδωσι,
643 4116 675 4177 τό
708 4118 910 4196 λαφυραγωγεῖν
939 4119 1010 4176 κατά

231 4211 324 4288 χεῖρας
338 4214 392 4274 τοῖς
406 4209 570 4285 ἐπιχειροῦσι
584 4204 774 4283 παραγίνεται,
787 4207 832 4264 καί
846 4233 859 4256 ι
874 4208 897 4264 εί
909 4204 947 4283 μὴ
959 4207 1009 4266 κύ·

232 4319 286 4376 ριος
300 4295 430 4375 φυλάσσει
443 4295 520 4353 πόλιν
528 4338 537 4364 ,
552 4294 589 4361 εἰς
599 4293 687 4372 μάτην
701 4295 862 4372 ἀγρυπνοῦσι
877 4296 901 4354 οῖ
913 4295 1012 4376 φυλάσ·

231 4410 320 4454 σοντες
340 4386 402 4463 (Ps,
423 4385 492 4456 καθ,
511 4391 551 4458 1).
572 4410 585 4437 ι
628 4380 782 4462 ίιο)Ἕθνος
807 4384 918 4464 ἀφανίς,
942 4384 1011 4452 ἐθνος

232 4477 426 4558 ἀναρίθμητον,
460 4471 531 4540 ἔθνος
566 4475 593 4531 ἐν
625 4471 797 4552 ἀνδραπόδοις
836 4471 1009 4548 ταττόμενον,

233 4563 366 4642 ἄγνωστον
392 4561 455 4639 μέν,
477 4561 536 4620 ἀλλ’
548 4559 601 4620 ἀπό
623 4565 671 4633 τῆς
694 4561 753 4619 καθ’
774 4563 849 4637 ἡμῶν
874 4562 1010 4640 στρατείας

230 4653 315 4719 ὄνομα
330 4652 428 4722 λαόόν,
438 4650 484 4710 καί
496 4650 599 4727 ἀσημον
613 4647 675 4725 μὲν,
686 4647 745 4708 ἀλλ’
755 4649 885 4725 ἐπίσημον
897 4649 1010 4728 γεγονὸς,

230 4742 355 4803 ταπεινόν
376 4741 422 4800 καί
445 4738 629 4820 ἠπορημένον,
644 4739 703 4796 ἀλλ’
719 4739 756 4804 είς
771 4737 871 4818 ὕψωμα
885 4738 1008 4817 λαμπρόν

969 462 1098 524 ΡΗΟΤΝ

1062 595 1108 656 καὶ
1121 597 1235 655 πλοῦτον
1254 594 1367 654 άπλετον
1382 593 1561 666 ἀναῦεῦηκός,
1576 592 1651 660 έθνος
1677 591 1768 672 τόρριο
1791 616 1840 652 που

1062 689 1109 755 τῆς
1124 687 1200 761 ἡμῶν
1217 682 1418 765 ἀπῳκισμένοι,
1441 680 1620 763 βαρῦαρικόν,
1644 680 1838 754 νομαδικὸν,τό

1061 773 1154 853 θράσος
1181 772 1242 852 ἐχον
1272 775 1308 841 είς
1338 770 1424 846 ὀπλα,
1452 768 1618 853 ἀφύλακτον,
1647 768 1837 846 ἀνεξέλεγκτον,

1062 862 1275 943 ἀστρατήγητον,
1285 859 1367 927 οῦτως
1376 860 1482 940 ἀθρόον,
1494 858 1577 928 οῦτως
1588 861 1617 918 ἐν
1628 861 1698 939 ῥιπῇ
1709 860 1836 940 ὀφθαλμοῦ

1061 955 1097 1018 ῶς
1109 957 1183 1027 κῦμα
1197 949 1332 1021 θαλάσσης
1343 948 1451 1029 ἐξεχύθη
1470 956 1523 1016 τοῖς
1541 948 1622 1025 θρίοις
1636 950 1728 1024 ήμῶν,
1743 947 1786 1007 καί
1805 950 1838 1013 ὡς

1063 1037 1151 1114 μονιός
1164 1036 1253 1116 ἄγριος
1274 1036 1368 1116 χόρτον
1390 1035 1409 1107 ἢ
1429 1033 1585 1112 καλάμηνή
1606 1035 1686 1107 λήιον
1701 1034 1839 1109 κατενεμή·

1062 1147 1128 1185 εατο
1142 1123 1201 1193 τοῦς
1218 1125 1382 1188 ἐνοικοῦντας
1397 1125 1423 1181 ἐν
1437 1127 1471 1203 τῇ
1486 1145 1536 1199 γη
1549 1119 1572 1181 ῶ
1590 1125 1639 1192 τῆς
1659 1118 1836 1197 συμπεσούσης

1062 1218 1125 1289 ἡμῖν
1140 1213 1268 1284 θεηλάτου
1286 1217 1392 1284 ποινῆς·
1407 1209 1445 1289 μή
1466 1211 1619 1293 φειδόμενον
1637 1209 1691 1268 ἀπὸ
1710 1207 1838 1289 ἀνθρώπου

1062 1303 1111 1370 ἐως
1124 1302 1247 1374 κτήνους,
1259 1303 1288 1362 οὐ
1303 1300 1403 1372 θήλιων
1428 1300 1563 1359 ἀσθένειαν
1587 1296 1833 1374 εθλαῦούμενον,οθ

1065 1392 1165 1464 νηπίων
1189 1391 1347 1462 ἁπαλότητα
1369 1386 1587 1465 δυσωπούμενον,
1603 1388 1635 1445 οῦ
1659 1382 1835 1466 πρεσάυτέρυν

1065 1480 1158 1540 πολιὰν
1170 1476 1395 1556 καταιδούμενον,
1406 1479 1452 1536 ὑπ’
1464 1476 1565 1544 οῦδενός
1582 1478 1637 1534 τῶν
1649 1475 1700 1535 ὅσα
1715 1472 1834 1531 δυσωπεῖν

1063 1568 1151 1629 εἴωθεν
1169 1568 1305 1651 ἀνθρωτον
1326 1566 1376 1626 κάν
1396 1567 1432 1631 είς
1447 1564 1543 1644 θηρίων
1565 1563 1688 1643 ἐκδράμη
1703 1559 1777 1639 φύσιν
1790 1579 1837 1634 με·

1063 1656 1240 1738 λασσόμενον,
1254 1654 1324 1715 ἀλλά
1342 1653 1385 1713 διόι
1400 1653 1487 1726 πάσης
1508 1652 1615 1725 ἡλικίας
1637 1652 1685 1710 καὶ
1700 1645 1833 1732 φύσεωςτθ

1065 1743 1134 1825 ξίφος
1145 1745 1221 1802 ὠθεῖν
1235 1743 1439 1822 θρασυνόμενον.
1482 1742 1527 1818 (ιι)
1539 1730 1594 1801 Ἦν
1606 1740 1670 1799 ἰδεῖν
1683 1734 1745 1817 παρ’
1756 1734 1833 1793 αότῶν
1893 1820 1894 1825 ¹

1063 1829 1146 1902 νήπια
1161 1834 1251 1908 μαζῶν
1265 1829 1311 1888 καί
1324 1829 1454 1907 γάλακτος
1469 1827 1526 1905 ἅμα
1539 1829 1585 1886 καῖ
1600 1829 1671 1897 ζωῆς
1685 1825 1762 1895 αότῆς
1776 1823 1834 1880 ἀπο·

1065 1919 1210 1998 σπώμενα,
1223 1918 1270 1977 καί
1289 1916 1370 1999 τάφον
1385 1918 1474 1983 αὐτοῖς
1489 1916 1675 1995 αὐτοσχέδιον,
1688 1915 1713 1971 οί
1721 1932 1779 1989 μοι,
1792 1908 1836 1973 τίς
1893 1916 1894 1955 ἑ

1065 2007 1163 2087 πέτρας
1187 1999 1227 2072 αἷς
1245 2005 1474 2085 προσηράσσοντο,
1490 2003 1608 2083 μητέρας
1623 2001 1734 2080 οἰκτρῶς
1746 1998 1833 2057 ὀλολυ-
1893 2054 1894 2063 ,

1065 2094 1160 2165 ζσύσας
1176 2094 1221 2153 καί
1238 2091 1466 2177 ἐπισφιιττομένας
1489 2090 1529 2151 ἔτι
1550 2087 1775 2171 σπαρασσομένοις
1794 2083 1835 2143 καί
1893 2094 1894 2139 ί

1064 2186 1262 2264 ψυχορραγοῦσι
1287 2190 1340 2250 τοῖς
1366 2182 1487 2263 βρέφεσι,
1510 2179 1638 2255 ἄκουσμα
1664 2175 1771 2238 ἀλεεινὸν
1793 2174 1831 2233 καὶ
1893 2170 1894 2239 ᾗ

1065 2270 1153 2349 θέαμα
1167 2270 1339 2350 ἐλεεινότερον
1354 2270 1400 2329 καί
1413 2270 1481 2329 πολὺ
1498 2269 1617 2348 κρεῖττον
1634 2270 1755 2345 σιγᾶσθαι
1767 2262 1784 2333 ἢ
1794 2260 1829 2320 λέ·

1065 2364 1173 2439 γεσθαι,
1190 2358 1303 2417 καὶτῶν
1327 2357 1491 2438 δεδρακότων
1507 2356 1611 2433 μᾶλλον
1631 2355 1649 2426 ἢ
1673 2356 1723 2412 τῶν
1743 2371 1830 2409 τεπον·

1065 2446 1147 2506 θότων
1159 2445 1243 2514 ἀξιον.
1289 2445 1336 2526 (ιε)
1349 2443 1419 2505 Οὐδὲ
1434 2442 1486 2523 γόρ
1501 2441 1559 2502 οόδί
1580 2442 1661 2522 μέχρι
1675 2444 1721 2511 τῆς
1742 2440 1830 2515 ἀνθρω-

1065 2534 1142 2607 πίνης
1173 2531 1275 2614 φύσεως
1298 2536 1316 2604 ἡ
1349 2530 1473 2611 ἀγριότης
1501 2530 1678 2610 προέάαινεν,
1699 2524 1764 2585 ἀλλά
1793 2522 1830 2580 &a
1893 2598 1894 2613 γ

1064 2620 1170 2681 πάντων
1192 2620 1294 2697 ἀλόγων
1317 2616 1405 2700 ζῴων,
1428 2623 1494 2699 βοῶν
1508 2618 1553 2678 καί
1571 2617 1664 2677 ἵππων
1679 2615 1721 2677 καί
1734 2611 1827 2694 ὀρνίθων
1893 2618 1894 2661 ὲ

1064 2710 1175 2768 καὶτῶν
1197 2709 1284 2767 ἄλλων
1308 2697 1345 2773 οἷς
1365 2707 1520 2779 ἐνέπιπτον,
1533 2712 1550 2778 ἡ
1564 2706 1673 2784 ἀιμότης
1693 2701 1829 2774 διήλαυνεν.
1893 2704 1894 2729 ¹

1065 2797 1174 2859 Ἔκειτο
1190 2802 1250 2877 βοῦς
1263 2796 1308 2854 καί
1323 2797 1388 2876 παρ’
1402 2795 1479 2855 αὐτὸν
1495 2795 1649 2873 ἄνθρωπος,
1665 2794 1709 2853 καὶ
1723 2790 1780 2856 παῖς
1789 2786 1828 2847 καὶ

1065 2886 1146 2953 ίππος
1156 2885 1239 2967 τάφον
1249 2875 1320 2965 εέχον
1332 2883 1493 2961 ὁμόσκηνον,
1505 2883 1551 2942 καί
1561 2891 1683 2962 γυναῖκες
1691 2878 1734 2939 καί
1743 2878 1827 2956 ὀρνιθες

1064 2976 1118 3042 τοῖς
1127 2973 1250 3044 ἀλλήλων
1265 2971 1437 3053 συνεφύροντο
1449 2970 1556 3049 αίμασι.
1592 2974 1642 3050 (ιι)
1656 2966 1746 3031 Μεστά
1757 2963 1782 3023 δέ
1793 2985 1827 3020 ιε·

1064 3065 1135 3146 κρῶν
1153 3061 1285 3137 σωμάτων
1300 3061 1443 3139 ἐτύγχανεν
1456 3059 1571 3119 ἅπαντα.
1594 3063 1729 3135 Ποταμοῖς
1741 3054 1768 3112 τό
1780 3049 1825 3130 ῥεῖ’

1065 3157 1123 3230 θρον
1136 3152 1172 3219 είς
1191 3141 1258 3225 αἷμα
1278 3148 1499 3225 μετεσκευάζετο,
1523 3147 1625 3227 κρήνας
1644 3147 1688 3205 καὶ
1703 3137 1827 3217 διξαμενθε
1893 3168 1894 3235 γ

1063 3241 1111 3308 τὰς
1126 3241 1174 3318 μὲν
1197 3240 1245 3298 οῦκ
1267 3229 1299 3310 ήν
1322 3236 1362 3297 ἔτι
1381 3236 1521 3318 διακρίνειν
1546 3233 1760 3315 ἐξομαλισθέντων
1780 3227 1823 3283 τῶν

1064 3327 1236 3405 κοιλωμάτων
1250 3326 1305 3393 τοῖς
1324 3324 1448 3403 σώμασι,
1462 3336 1520 3392 ταῖς
1535 3325 1563 3385 δὲ
1583 3325 1717 3387 παντελῶε
1735 3310 1825 3394 ἀμυδρά

1064 3421 1110 3476 τοῦ
1124 3414 1252 3495 προτέρου
1268 3414 1405 3495 σχήματος
1419 3415 1481 3493 ίχνη
1504 3411 1626 3494 ἐφαίνετο
1639 3414 1690 3469 τῶν
1707 3421 1822 3484 παρακει-

1065 3504 1149 3582 μένων
1176 3504 1263 3572 αθτοῗς
1288 3500 1508 3580 ἀναπληρούντων
1536 3499 1571 3560 τά
1601 3500 1731 3562 λείποντα.
1775 3485 1825 3550 Τέε
1893 3504 1894 3543 1

1065 3589 1177 3671 ἀρούρας
1191 3591 1272 3671 νεκρά
1290 3588 1425 3660 κατίσητε
1445 3587 1574 3665 σώματα,
1587 3589 1636 3654 τὰς
1652 3582 1721 3648 ὀδοὺς
1733 3582 1821 3637 ίστινν·

1063 3680 1160 3760 χώρει,
1172 3677 1207 3739 τδι
1231 3679 1300 3751 ἀλση
1322 3675 1424 3744 τούτοις
1445 3678 1546 3752 μᾶλλον
1562 3676 1580 3747 ἢ
1595 3684 1649 3741 τοῖς
1668 3671 1767 3748 θάμνοις
1784 3658 1822 3721 καί

1065 3777 1122 3834 ταῖς
1135 3767 1259 3846 ίρημίαις
1281 3770 1414 3846 ἐθηριοῦτο
1434 3765 1480 3825 καί
1494 3764 1654 3845 ἐξηγρίωτο,
1667 3759 1700 3820 τά
1718 3751 1822 3855 σπελλινγαι

1066 3969 1158 4028 ραγγες
1169 3943 1241 4007 οῦδέν
1255 3943 1330 4025 [τῶν]
1344 3945 1371 4003 ἐν
1381 3943 1439 4010 ταῖς
1452 3942 1545 4002 πόλεσι
1557 3935 1730 4016 πολυανδρίων
1747 3926 1819 4003 δίθθέ·

1893 3240 1894 3263 ι

1893 3268 1894 3307 ί

1893 3314 1894 3339 ι

1893 3354 1894 3397 ί

1893 3408 1895 3439 ί

1063 3856 1253 3937 ἐπεπλήρωτο,
1274 3855 1323 3934 όρη
1346 3853 1393 3915 καί
1415 3854 1492 3935 λόφοι
1505 3853 1551 3912 καί
1572 3855 1704 3934 χαράδραι
1722 3841 1764 3903 καὶ
1779 3858 1822 3916 θα·
1893 3812 1895 3843 ί

1065 4058 1120 4116 ρον.
1164 4032 1210 4115 (ιε)
1231 4030 1314 4093 Ούτω
1336 4036 1382 4091 τοῦ
1401 4030 1500 4097 πάθους
1519 4034 1536 4101 ἡ
1555 4035 1662 4109 θραῦσις
1685 4018 1822 4121 ἐξήπλυμθ,
1893 4022 1894 4059 ³

1064 4123 1110 4181 καί
1131 4126 1146 4181 ὀ
1166 4126 1213 4180 τοῦ
1234 4119 1351 4197 πολέμου
1377 4118 1465 4196 λοιμός
1486 4125 1539 4185 τοῖς
1562 4122 1616 4176 τῶν
1640 4115 1820 4191 θμερτηματων
1893 4152 1894 4215 γ

1064 4218 1167 4291 πτεροῖς
1182 4206 1357 4288 ἐποχούμενος
1373 4211 1510 4285 πανταχοῦ
1528 4205 1683 4284 περιίπτατο
1699 4196 1727 4255 τὸ
1744 4206 1806 4269 W

1063 4297 1144 4377 τυχόν
1166 4296 1364 4373 λυμαινόμενος.
1408 4294 1503 4375 Οὐδείς
1521 4292 1552 4351 ἂν
1575 4289 1680 4351 δύναιτο
1701 4281 1745 4350 τθ*
1766 4275 1819 4373 ίπζ

1068 4393 1169 4445 στᾶσαν
1192 4389 1256 4459 ἡμῖν
1276 4383 1336 4442 τότε
1358 4384 1410 4440 τῶν
1424 4384 1514 4441 κακῶν
1530 4380 1634 4441 Ἰλιάδα
1653 4369 1776 4455 ἐφικέσθαι
1787 4381 1821 4466 f‘?

1066 4476 1148 4554 λόγῳ.
1190 4474 1238 4551 (ιτ)
1261 4472 1316 4533 Καί
1339 4470 1377 4540 τίς
1395 4475 1480 4530 ταῦτα
1499 4475 1615 4549 συνορῶν
1632 4468 1661 4526 ού
1672 4462 1714 4521 τὸν
1726 4469 1818 4548 τρυῖίξιν

1065 4566 1111 4620 τοῦ
1129 4560 1269 4638 ποτηρίου,
1289 4559 1317 4619 δν
1339 4558 1448 4635 θθυμός
1464 4558 1571 4637 ἐκέρασε
1590 4552 1677 4634 κυρίου
1692 4552 1741 4609 τοῖς
1754 4543 1820 4643 ἐρέω*

1064 4650 1209 4728 θπερζέσας
1223 4648 1473 4726 πλημμελήμασιν,
1486 4649 1534 4706 οὐκ
1553 4648 1594 4727 ἐφ’
1606 4650 1675 4720 ἡμᾶς
1694 4633 1821 4727 ἐκλυθέίῗι

1065 4737 1098 4796 ἀν
1113 4737 1302 4816 ὀμολογήσειες
1325 4737 1365 4805 τίς
1389 4741 1474 4794 ταῦτα
1496 4736 1612 4812 μελετῶν
1628 4730 1671 4789 καί
1685 4714 1795 4790 σνλθθῖίζ
1806 4736 1818 4751 “

232 4867 1811 4922 W!

231 5024 280 5063 em.
291 5014 322 5062 N.
334 5010 417 5060 Possis
432 5008 508 5058 etiam
520 5005 592 5063 δεινὸς
607 5006 649 5055 καὶ
658 5004 683 5054 ἀ.
694 5003 706 5067 ίΙ
718 5026 751 5040 ·-
759 5002 819 5066 μηόἐ
827 5000 911 5066 μέχρι]
924 5015 965 5052 ευ.
979 5001 1035 5065 μηδ’
1046 5001 1143 5064 ὀνόματι
1153 5006 1199 5064 μθ
1211 5004 1240 5053 Ν.
1253 5000 1265 5066 ss
1282 5028 1307 5038 —
1319 4998 1496 5064 ἀνεξάλειπτον]
1509 4998 1660 5056 άντςάληιττον
1667 4984 1729 5043 cod-3
1739 4988 1780 5028 0¹⁰·
1790 4969 1816 5018 Ν·
1893 5006 1894 5045 ι

233 5080 245 5144 ΙΙ
261 5108 293 5118 -
307 5081 323 5145 §
335 5085 359 5131 6.
370 5080 444 5140 ταύτῃ
455 5075 644 5141 περιεχύθησαν]
654 5075 741 5131 ταύτης
751 5091 778 5124 π.
793 5073 863 5133 cod.·‚
876 5084 924 5121 em.
940 5075 970 5123 Ν.
983 5071 994 5137 ΙΙ
1007 5099 1040 5110 -
1052 5073 1067 5137 §
1077 5077 1101 5124 θ.
1120 5074 1147 5123 τό
1161 5074 1267 5137 ἀτυχεῖν]
1280 5073 1307 5122 τὸ
1321 5077 1400 5135 τυχεῖν
1413 5070 1485 5129 θοῶς
1496 5083 1545 5120 em.
1556 5071 1587 5120 N.
1602 5066 1613 5132 ή

1624 5061 1674 5125 ..ς
1688 5062 1721 5108 ιο.
1736 5040 1815 5106 ww·

231 5152 320 5216 υττνν]
338 5150 507 5215 ‘mmmm
526 5149 556 5198 N·
578 5146 589 5211 θ
606 5173 639 5184 -
656 5144 708 5194 καθ’
722 5143 803 5207 ἡμῶν]
814 5161 839 5194 ι.
853 5146 915 5204 ἡμᾶς
937 5142 1009 5203 ωας
1026 5156 1074 5194 ενι.
1091 5145 1121 5193 ιι.
1137 5142 1207 5193 mem
1225 5141 1316 5192 deinde
1333 5146 1380 5191 τῶν
1401 5141 1484 5190 ὅσα...
1498 5129 1694 5203 ικεράμη...ιιλά
1711 5122 1746 5173 διᾶ
1758 5102 1816 5163 ἐθέἐ

231 5235 278 5286 9¹¹⁰
289 5228 337 5272 ῖῶν
352 5222 437 5283 &Nu-
454 5220 566 5281 ίθθθᾶμθῑ
619 5218 679 5268 ἀλλὰ
696 5215 828 5277 131quae
846 5213 925 5264 codex
940 5213 1023 5266 habet.
1036 5215 1048 5280 ΙΙ
1060 5243 1088 5252 -
1107 5216 1122 5279 §
1139 5220 1176 5265 12.
1191 5212 1330 5278 ἐνέπιπτον]
1340 5214 1468 5263 ἀντ’πιπτον
1485 5209 1541 5260 cod.
1556 5210 1566 5273 ΙΙ
1579 5235 1610 5247 -
1620 5201 1691 5270 μεστὰ
1697 5172 1815 5269 ῑῶθνέξέἐ

232 5294 291 5357 μετὰ
305 5309 329 5344 τ.
342 5310 364 5341 ν.
374 5290 445 5352 cod.;
460 5303 508 5341 em.
526 5291 555 5339 Ν.
573 5287 586 5353 ΙΙ
599 5312 629 5326 -
676 5286 691 5351 §
708 5290 746 5337 13.
764 5283 876 5348 σώμασι]
889 5286 1000 5350 πτώμασι
1014 5286 1093 5338 ΝειιΙι.
1109 5286 1123 5351 ΙΙ
1137 5284 1194 5348 -§
1209 5289 1246 5335 14.
1263 5289 1309 5334 τῶν
1319 5286 1377 5348 μυεῖ
1388 5283 1455 5333 οὐδέν
1471 5279 1577 5332 addidit.
1599 5280 1628 5329 Ν.
1642 5273 1652 5338 ΙΙ
1664 5260 1814 5315 „35th

1893 4236 1895 4279 ι
