3890 6044
312 524 345 605 ιι]
958 523 1254 585 euoenoounun.

313 657 459 739 γράμματα
472 658 533 736 περὶ
547 655 640 717 τούτου
653 663 699 716 τοῦ
714 654 868 718 Λοδοόίαου.
884 654 1060 737 Κριτόόουλος
1075 655 1103 715 δέ
1116 657 1220 736 δέχαται
1232 660 1324 716 τοῦτον
1338 654 1512 736 φιλοφρόνως,
1524 654 1570 713 καὶ
1583 654 1669 715 πολλὰ
1682 654 1860 734 δωρησάμενός
1871 679 1895 715 τι

312 753 359 815 καλ
379 753 465 831 λόγοις
481 753 587 833 ἡμέροις
602 752 647 812 καὶ
662 754 804 832 προσηνέσι
823 751 1030 826 διξιωσόμινος,
1043 752 1115 831 πάσῃ
1134 776 1162 812 τι
1183 752 1249 832 ἄλλῃ
1271 751 1438 834 χρησόρινος
1459 753 1486 818 i<
1504 750 1582 810 αὐτὸν
1595 752 1734 831 θιραπεόφ,
1755 751 1895 831 ἀποπέμποι

316 854 374 931 μετ’
386 850 490 928 εἰρήνης
505 848 663 930 ἀρκεσθέντα
676 857 729 914 τοῖς
749 846 835 926 λόγοις
857 850 910 913 τοῖς
927 847 991 928 παρ’
1003 848 1082 907 αὐτοῦ
1103 850 1148 907 καὶ
1163 848 1243 924 μηδὲν
1263 847 1414 920 ζητήσοντα
1437 846 1584 928 περαιτέρω
1601 847 1669 926 μηδὲ
1685 850 1895 928 πολυπραγμονή-

316 972 399 1008 σαντα
417 946 484 1014 ὅλοις
505 946 523 1019 ἢ
544 946 606 1026 mpl
618 936 655 1005 rhu
669 936 719 1017 ἧκέ
737 968 763 1003 τι
780 943 1002 1025 διαπραξόμενον.
1020 942 1180 1024 Ἔγχιιρόζει
1195 943 1223 1003 δὲ
1238 946 1309 1024 αὐτῷ
1327 944 1372 1003 καὶ
1385 941 1530 1023 γράμματα
1551 947 1576 1010 ές
1591 943 1750 1015 Λοδοόόκον,
1761 943 1896 1021 οἰκονομίαν

314 1044 410 1126 ἔχοντα
427 1043 473 1104 aul
495 1043 583 1123 φιλίαν
602 1041 748 1102 δεικνύντα.
764 1042 818 1103 Καὶ
830 1043 944 1101 ἀποπλεῖ
961 1038 1007 1099 καλ
1026 1030 1099 1107 οὗτος
1114 1043 1139 1105 ἐς
1151 1038 1254 1101 Ῥόδον.
1274 1040 1362 1099 Tecte
1372 1040 1419 1100 his
1433 1040 1565 1099 indicare
1580 1040 1695 1099 ridetur
1709 1041 1788 1118 quod
1800 1043 1896 1118 apertis

316 1141 417 1201 verbis
431 1140 529 1217 eloqui
544 1138 679 1218 pudebat.
688 1139 760 1198 Nam
775 1138 806 1197 in
821 1136 1010 1197 historiarum
1024 1157 1112 1217 opere
1126 1137 1204 1215 quod
1223 1135 1386 1196 Turcorum
1406 1135 1539 1217 ἁρμοστὴς
1554 1136 1723 1196 blechemeti
1747 1137 1896 1210 dedicarit,

315 1240 378 1297 haec
395 1238 470 1297 nihil
482 1235 562 1296 aliud
580 1235 746 1312 significare
760 1249 881 1314 pessunt
895 1234 953 1294 nisi
966 1232 1166 1305 Critob-alum,
1181 1253 1270 1311 quum
1291 1233 1452 1292 resistendo
1472 1252 1503 1292 sc
1523 1234 1665 1311 imparem
1679 1233 1805 1307 rideret,
1817 1235 1897 1293 simu·

316 1337 391 1394 lasse
409 1354 441 1393 se
461 1333 630 1392 Latinorum
651 1332 784 1411 partibus
810 1332 922 1404 lavere,
938 1330 1026 1391 simul
1041 1349 1112 1389 vero
1133 1330 1312 1409 persuasisse
1330 1330 1436 1391 Comiti
1446 1349 1483 1388 ex
1497 1348 1530 1388 re
1544 1330 1607 1389 lore
1619 1330 1646 1388 si
1661 1329 1898 1408 inpraesentiamn

316 1429 420 1489 lmbrii
435 1430 562 1508 quietem
577 1442 709 1506 agerent,
719 1448 752 1487 ac
766 1429 808 1487 sic
819 1428 971 1506 deceptum
987 1427 1132 1505 donisque
1145 1427 1308 1486 demulsum
1326 1426 1467 1486 Ludovici
1485 1426 1610 1501 legatum
1630 1444 1662 1484 re
1673 1425 1781 1484 inlecta
1792 1425 1897 1488 abiisse.
1923 1478 1924 1487 ,

316 1527 450 1586 Ceterum
468 1526 613 1586 dubitatio
627 1524 762 1584 subnasci
784 1528 876 1603 possit
888 1544 957 1584 num
977 1546 1078 1605 reapse
1091 1531 1130 1584 ita
1149 1546 1197 1586 res
1208 1526 1360 1595 habuerit,
1381 1523 1526 1601 siquidem
1547 1522 1794 1600 Chalcocondylas
1809 1543 1837 1602 p.
1850 1524 1899 1599 469

318 1637 422 1703 praeter
438 1623 567 1682 Thasum
580 1635 609 1680 et
624 1622 764 1681 Lemnum
779 1633 808 1679 et
820 1621 1025 1682 Samothracen
1039 1625 1124 1684 etiam
1139 1623 1269 1683 Imbrum
1284 1622 1408 1681 insulam
1421 1640 1439 1678 a
1452 1620 1563 1679 Latinis
1575 1632 1645 1678 tuuc
1655 1634 1822 1697 occupatam
1835 1638 1898 1691 esse,

315 1720 416 1796 paullo
430 1731 496 1800 post
509 1738 598 1790 vero,
615 1738 704 1795 quum
727 1717 827 1777 elassis
848 1716 1018 1778 Latinorum
1036 1720 1168 1779 llhodum
1190 1720 1339 1792 rediisset,
1353 1718 1493 1775 Lemnum
1511 1729 1540 1775 et
1559 1715 1689 1775 imbrum
1713 1715 1750 1773 ab
1773 1715 1898 1788 lsmaele,

316 1815 445 1875 Thasum
462 1828 556 1874 auteur
569 1828 598 1873 et
610 1810 815 1875 Samothracen
828 1833 845 1872 a
857 1813 990 1890 Zagano,
1005 1816 1169 1877 'lurcorum
1189 1814 1330 1886 ducibus,
1344 1814 1376 1872 in
1391 1813 1531 1872 ditionem
1549 1831 1612 1872 esse
1625 1810 1767 1871 redactas.
1782 1814 1899 1869 hoamen

318 1933 383 1971 curn
402 1911 555 1970 Critobulo
567 1912 637 1970 lacit
650 1911 745 1969 Ducas
759 1931 789 1989 p.
807 1911 875 1983 338,
892 1912 941 1989 qui
960 1913 996 1972 de
1010 1913 1110 1972 lmbro
1125 1912 1232 1972 Turcis
1245 1926 1343 1991 erepta
1358 1912 1430 1971 nihil
1445 1910 1587 1991 prodidit.

358 2007 479 2066 Ineunte
496 2026 574 2065 anno
594 2007 669 2082 1459
684 2005 798 2065 Lemnii
813 2008 950 2086 praesidia
964 2007 1102 2068 ltalorum
1125 2029 1201 2086 aegre
1221 2009 1359 2082 serentes,
1375 2010 1522 2087 imprimis
1544 2028 1615 2066 vero
1639 2008 1774 2067 timentes
1795 2008 1899 2065 classem
1924 1990 1925 2031 ³

317 2103 479 2167 'lurcorum
496 2103 549 2182 (³³),
572 2103 620 2161 cui
643 2101 815 2161 arcendaeet
838 2105 1042 2182 propulsanda
1066 2105 1132 2166 ltali
1156 2126 1215 2164 non
1237 2106 1419 2178 sufficerent,
1441 2105 1549 2183 pellere
1574 2105 1747 2183 peregrinos
1764 2104 1863 2162 milites
1877 2114 1900 2159 et
1924 2088 1925 2091 ¹

318 2200 423 2259 'furcis
439 2198 560 2258 reddere
574 2199 696 2257 insulam
713 2199 919 2272 decreverunt,
933 2202 1147 2281 consiliumque
1162 2221 1227 2261 eum
1242 2202 1394 2262 Critobulo
1406 2205 1664 2260 communicarunt.
1677 2201 1707 2259 ls
1724 2201 1812 2277 igitur
1825 2198 1900 2256 litlea

319 2297 451 2356 Lemniis
466 2309 601 2375 accepta,
618 2308 650 2354 ut
669 2296 705 2353 ad
725 2315 821 2372 regem
843 2316 903 2354 rem
926 2296 1067 2369 deferret,
1083 2297 1305 2376 Adrianopolim
1329 2298 1475 2376 proiectus
1495 2310 1548 2356 est.
1572 2297 1648 2355 llinc
1663 2296 1812 2356 Demetrio
1827 2294 1900 2353 Pelo·

322 2394 446 2473 ponnesi
463 2394 589 2471 despotae
603 2394 720 2471 scripsit
736 2408 933 2471 opportunum
950 2394 1010 2472 jam
1030 2394 1130 2455 adesse
1144 2409 1257 2474 tempus
1272 2393 1426 2473 expetendi
1445 2392 1505 2452 sibi
1525 2413 1542 2451 a
1565 2413 1632 2469 rege
1645 2392 1788 2452 Lemnum
1804 2406 1832 2450 et
1851 2390 1898 2448 lm·

318 2489 422 2563 hrum,
438 2489 516 2548 haud
535 2490 612 2548 enim
634 2509 729 2565 regem
745 2489 894 2549 adversari
909 2510 1004 2569 neque
1017 2491 1105 2553 ltalos
1119 2492 1328 2572 impedimento
1343 2491 1423 2562 lore,
1436 2502 1537 2568 utpote
1555 2495 1665 2573 Lemno
1679 2490 1800 2568 jamjam
1812 2488 1900 2567 expel-

319 2586 430 2646 lendos.
453 2585 554 2664 ltaque
572 2586 751 2660 Demetrius,
775 2587 826 2664 qui
848 2586 949 2665 paullo
970 2601 1054 2646 antea
1077 2588 1114 2647 de
1133 2589 1318 2665 acquirendis
1339 2588 1404 2646 istis
1424 2585 1529 2646 insulis
1551 2586 1650 2644 literas
1676 2586 1714 2645 ad
1733 2584 1897 2647 Critobulo·

322 2683 456 2754 dederat,
472 2683 586 2740 Asanen
603 2683 727 2757 legatum
749 2683 973 2762 Adrianopolim
996 2685 1090 2754 misit,
1106 2685 1173 2762 qui,
1185 2698 1326 2764 praesente
1340 2696 1370 2742 et
1382 2682 1504 2760 juvante
1526 2681 1698 2756 Critobulo,
1714 2703 1731 2741 a
1748 2702 1813 2759 rege
1830 2679 1899 2739 ohti-

321 2781 386 2838 nuit
405 2791 437 2836 ut
457 2779 560 2837 insulae
574 2779 700 2858 despotae
717 2799 845 2839 annuum
869 2792 913 2838 ter
926 2780 1007 2839 mille
1020 2800 1173 2840 aureorum
1194 2780 1334 2839 tributum
1356 2779 1495 2858 pendenti
1516 2779 1753 2841 concederentur.
1766 2779 1832 2837 Post
1848 2776 1899 2834 hae

320 2874 490 2935 Critobulus
508 2875 599 2934 literis
620 2878 708 2952 regiis
723 2879 851 2938 munitus
865 2878 953 2936 rediit
972 2875 1112 2937 lmbrum.
1138 2877 1209 2936 lude
1223 2890 1290 2955 post
1309 2876 1397 2935 unius
1417 2875 1477 2934 diei
1499 2893 1610 2933 moram
1626 2874 1658 2932 in
1672 2879 1813 2934 Lemnum
1828 2872 1898 2944 traji-

324 2973 403 3030 ciens
422 2971 561 3030 excubias
585 2973 723 3032 ltalorurn
745 2974 847 3033 iesellit
860 2987 890 3033 et
903 2995 920 3032 a
931 2974 1083 3034 Castriotis
1103 2975 1204 3034 etnicis
1222 2974 1254 3033 in
1271 2972 1419 3033 castellum
1438 2983 1571 3049 receptus
1590 2984 1644 3031 est.
1659 2970 1778 3031 Postero
1788 2970 1833 3028 die
1843 2986 1898 3026 cunr

320 3068 578 3146 vigintiquinque
595 3071 724 3147 equiturn
742 3091 828 3130 manu
842 3072 873 3131 in
889 3070 1004 3130 Cotziui
1024 3070 1165 3148 oppidum
1180 3089 1233 3149 per
1246 3069 1391 3149 portulam
1410 3067 1482 3126 clam
1498 3068 1646 3143 ingressus
1660 3066 1747 3127 ltalos
1764 3064 1900 3143 presidia-

320 3167 381 3223 rios
394 3165 430 3224 ad
447 3166 624 3225 deditionem
648 3166 745 3242 adegit
763 3168 859 3245 iisque
880 3168 912 3226 in
929 3166 1068 3225 Euboeam
1084 3166 1165 3224 abire
1179 3166 1321 3245 permisit.
1339 3165 1453 3224 Dehinc
1477 3164 1514 3223 ad
1533 3164 1704 3224 hliehaelem
1725 3159 1896 3221 Palaeocastri

320 3261 486 3336 praefectnm
504 3261 628 3336 legatum
642 3264 722 3322 misit
736 3265 788 3340 qui
800 3263 877 3321 arcis
891 3262 1067 3321 deditionem
1082 3260 1252 3338 postularet.
1266 3260 1420 3340 llepulsam
1441 3260 1536 3321 serens
1553 3260 1778 3338 quadringentos
1799 3255 1901 3334 equites

321 3372 349 3416 et
373 3370 515 3417 trecentos
541 3359 652 3435 pedites
674 3360 791 3432 eduxit,
806 3359 916 3437 quibus
934 3359 1036 3417 cedere
1056 3369 1173 3415 coactus
1196 3357 1318 3415 llli‘chael
1340 3377 1434 3416 arcem
1454 3377 1485 3417 se
1508 3359 1685 3418 traditurum
1701 3375 1760 3417 esse
1778 3352 1901 3434 promisit

323 3468 475 3533 postquam
491 3454 613 3530 hlagnus
627 3455 763 3531 lllagister
777 3457 809 3515 in
825 3455 927 3514 llhodo
940 3469 1000 3514 tum
1017 3452 1124 3527 degens
1138 3452 1317 3511 deditionem
1339 3453 1556 3533 approbaverit.
1570 3453 1663 3523 Quem
1678 3455 1711 3513 in
1726 3454 1808 3512 finem
1830 3467 1900 3508 mora

322 3551 477 3611 trimestris
499 3570 635 3610 concessa
655 3565 708 3611 est.
737 3552 793 3610 lles
810 3564 942 3630 peractas
956 3550 1126 3610 Critobulus
1151 3552 1245 3611 literis
1260 3552 1409 3613 Demetrio
1433 3554 1580 3613 nuntiavit
1601 3554 1638 3612 ab
1653 3573 1748 3631 eoque
1765 3551 1900 3611 archontes

321 3648 426 3727 petivit
441 3647 549 3725 quibus
566 3645 669 3706 Lemni
684 3648 794 3727 oppida
812 3649 947 3710 traderet.
961 3648 1028 3729 lpse
1044 3654 1074 3708 in
1089 3649 1185 3709 insula
1200 3650 1339 3709 remansit
1352 3670 1445 3729 usque
1461 3650 1530 3709 dum
1542 3663 1665 3709 exeunte
1684 3670 1761 3710 anno
1782 3647 1850 3723 1459
1862 3662 1900 3702 er·

321 3764 383 3805 cem
398 3744 520 3803 llicbael
536 3744 696 3803 dedidisset
708 3746 750 3818 (3,
767 3745 824 3825 ιδ).

362 3841 431 3899 Post
445 3839 507 3898 haec
519 3840 600 3898 nulla
617 3841 742 3919 amplius
757 3842 903 3903 Critobuli
918 3843 1025 3901 mentio
1043 3842 1073 3900 in
1087 3843 1218 3901 historiis
1231 3855 1339 3916 exstat;
1355 3843 1408 3901 rix
1423 3855 1517 3901 tamen
1538 3840 1678 3915 dubium,
1696 3844 1768 3921 quin
1784 3837 1835 3899 sub
1850 3841 1905 3895 ue·

321 3936 417 3996 metrii
430 3955 547 4014 quoque
560 3938 698 4015 auspiciis
709 3937 888 3998 lmbriorum
900 3940 1049 3998 archontis
1064 3959 1182 3998 munere
1197 3927 1309 3999 iunctus
1324 3940 1363 3999 sit
1376 3939 1522 4018 usquead
1534 3952 1723 3999 auctumnum
1737 3939 1804 3999 anni
1818 3935 1894 4005 1466,

322 4053 381 4110 quo
397 4031 498 4090 Victor
513 4031 837 4109 Capella,Venetorum
863 4036 962 4095 classis
985 4038 1150 4116 praelectus,
1163 4036 1294 4097 lmbrum
1318 4049 1348 4095 et
1369 4041 1508 4096 Lemnum
1534 4036 1708 4115 occupavit,
1724 4038 1766 4096 uti
1787 4032 1901 4094 referunt

322 4128 480 4187 Phrantzes
493 4142 522 4187 et
535 4127 649 4188 Marcus
663 4129 772 4189 Sanuto
784 4132 826 4210 (ν.
839 4130 992 4192 Zinlreisen
1007 4137 1107 4195 Gcsclr.
1123 4140 1153 4196 d.
1169 4157 1278 4195 οσινιιινι.
1295 4140 1327 4193 it.
1341 4155 1372 4207 a,
1384 4155 1415 4212 p.
1428 4136 1507 4212 313).
1519 4134 1689 4195 Critobulus
1699 4137 1735 4195 de
1743 4135 1788 4193 his
1796 4128 1898 4211 quidem

323 4225 398 4284 nihil
413 4225 562 4304 prodidit,
577 4239 677 4305 utpote
686 4248 751 4306 quae
769 4229 805 4286 ad
820 4227 1004 4289 lllechemetis
1023 4231 1174 4291 historiam
1188 4234 1285 4291 minus
1298 4231 1496 4309 pertinerent,
1511 4242 1637 4288 attamen
1654 4245 1754 4290 narrat
1767 4231 1805 4307 (5,
1822 4226 1864 4302 15,
1877 4222 1899 4295 ²l

321 4322 417 4380 hieme
430 4320 515 4397 hujus
529 4323 598 4381 anni
610 4343 699 4400 quum
713 4325 815 4383 Veneti
830 4325 948 4385 soederis
968 4330 1113 4406 pangendi
1133 4349 1219 4389 causa
1237 4328 1408 4406 Byzantium
1425 4328 1589 4397 venissent,
1602 4327 1807 4387 Mechernetem
1819 4319 1852 4381 ab
1865 4320 1899 4376 iis

320 4417 483 4498 postulasse
505 4432 538 4478 ut
557 4418 687 4479 lmbrum
705 4435 734 4480 et
750 4420 889 4481 Lemnum
903 4422 1064 4484 redderent.
1079 4426 1126 4486 llli
1139 4446 1208 4486 vero
1223 4439 1292 4485 tunc
1313 4443 1372 4482 non
1389 4424 1475 4485 modo
1493 4424 1603 4482 insulas
1625 4443 1684 4482 non
1707 4420 1898 4483 reddiderunt,

322 4514 373 4573 sed
387 4535 465 4574 anno
484 4517 558 4584 1468
578 4516 773 4591 subNicolao
796 4519 834 4578 da
853 4520 958 4579 Canale
977 4521 1050 4580 duce
1073 4523 1159 4581 etiam
1177 4540 1254 4581 nova
1271 4521 1309 4579 iis
1324 4519 1640 4598 praesidiaimposuere
1663 4540 1717 4578 nec
1731 4535 1789 4580 nen
1807 4514 1897 4574 AEnuu

322 4612 424 4672 urbem
441 4612 578 4672 incendio
599 4614 771 4674 deleverunt
786 4617 835 4693 (V.
848 4616 1002 4676 Zinlreisen
1015 4617 1034 4676 Ι.
1045 4619 1065 4678 l.
1081 4639 1111 4697 p.
1129 4618 1210 4695 315).
1224 4616 1337 4676 Deinde
1355 4626 1450 4674 autem
1474 4636 1564 4693 quum
1586 4635 1663 4675 anno
1676 4625 1751 4688 ¹47⁰
1768 4612 1896 4687 insignem

321 4710 431 4769 cladem
456 4713 535 4789 passi
560 4711 700 4771 Euboeam
726 4713 851 4773 insulam
873 4714 1008 4774 deserere
1028 4729 1207 4793 cogerentur,
1230 4716 1316 4774 etiam
1339 4719 1480 4772 Lemnum
1502 4725 1531 4771 et
1549 4711 1679 4770 lmbrum
1707 4731 1758 4770 eos
1782 4705 1900 4767 amisisse

323 4821 546 4867 consentaneum
561 4822 615 4869 est.

362 4902 399 4963 Ni
415 4905 512 4978 sallor,
525 4904 696 4965 Critobulus
713 4927 761 4967 an.
781 4909 868 4981 1466,
882 4907 982 4966 Imbro
1001 4929 1018 4967 a
1035 4908 1152 4969 Venetis
1171 4921 1272 4988 capta,
1289 4908 1574 4987 Constantinopolim
1594 4906 1683 4976 abiit,
1704 4905 1805 4980 ibique
1822 4900 1900 4957 hisio-

325 5001 384 5058 rias
397 5021 469 5078 quas
481 5001 657 5061 lmbriorum
672 5003 780 5061 archon
795 5001 855 5079 (τῶν
865 5000 1029 5081 Ἰριόριωτῶν
1040 5002 1070 5062 τὰ
1084 5009 1193 5084 πρῶτα,
1209 5027 1235 5082 1,
1248 5007 1274 5082 r)
1286 5006 1317 5063 in
1330 5005 1423 5083 patria
1434 5003 1563 5063 scriber'e
1578 5013 1718 5081 coeperat,
1730 5012 1795 5058 ante
1805 5006 1899 5055 annunt

328 5106 403 5168 ¹47⁰
418 5097 453 5155 arl
468 5098 556 5157 linem
571 5099 718 5178 perduxit.
741 5100 851 5159 Etenim
873 5121 963 5179 quum
986 5114 1109 5178 pestem,
1122 5120 1186 5178 quae
1206 5114 1304 5159 aestatc
1320 5119 1367 5160 en.
1387 5104 1459 5173 1467
1485 5097 1739 5176 Constantinopoli
1758 5088 1901 5156 seviebat,

592 5198 1899 5228 -.........-..-.-,......-...--.--

355 5261 391 5324 (*)
400 5261 606 5328 Ghaicocondyias
616 5267 631 5316 i.
643 5267 661 5316 i.
670 5268 797 5316 ismaelem
806 5267 891 5318 classis
909 5268 1051 5332 praelectum
1067 5268 1164 5318 Latiam
1176 5270 1266 5321 Lemno
1278 5267 1414 5332 expulsisse
1426 5267 1495 5317 dicit.
1508 5270 1571 5317 cum
1582 5264 1708 5317 critobulo
1719 5260 1845 5314 dicendum
1856 5258 1903 5305 01²¹

323 5329 487 5383 nunciassit
496 5333 610 5385 urnales
622 5333 808 5386 adductosesse
821 5340 848 5386 ut
858 5335 906 5401 ipsi
915 5336 1014 5388 Latinos
1027 5337 1146 5402 pellerent
1908 5336 1912 5362 ³
