3890 6044
261 474 322 536 lxiv
837 526 842 536 ,
959 469 1157 532 ADDENDA.

263 613 340 664 ieuui
352 614 468 685 agmine
477 627 532 683 per
547 611 685 664 silentium
699 627 732 664 eo
743 610 866 665 deducti.
880 607 935 664 Ubi
947 611 1009 661 siue
1020 610 1137 680 strepitu
1149 623 1183 660 oo
1203 606 1322 661 tumultu
1332 609 1422 679 primi
1432 616 1576 660 eraserunt
1590 609 1618 660 iu
1631 622 1752 670 murum,
1769 608 1848 658 secuti

262 706 357 760 ordine
367 707 432 768 alii.
449 724 532 779 quum
541 710 666 780 priorum
678 706 804 761 audacia
820 705 909 759 dubiis
923 708 1010 758 etiam
1023 707 1148 758 animum
1156 698 1282 772 faceret.
1295 708 1363 758 iam
1375 704 1453 757 mille
1464 713 1634 757 armatorum
1650 712 1779 776 ceperani
1788 719 1850 774 por-

263 814 335 871 tem,
352 821 435 876 quum
450 814 551 858 oeterae
564 804 705 873 odruotoe,
717 803 897 876 pluribusque
914 802 1002 856 scolis
1016 805 1045 854 irr
1061 818 1168 854 murum
1191 800 1360 866 evadebant,
1374 803 1457 872 signo
1475 799 1513 854 ob
1531 798 1682 875 Hexapylo
1698 798 1782 863 duim·
1804 813 1852 869 quo

260 904 459 975 peringeruem
470 901 646 955 solitudinem
660 910 906 974 nutrimentum,
921 902 988 972 quia
998 914 1104 969 magua
1114 915 1185 971 porr
1201 900 1231 950 iu
1252 892 1373 950 curribus
1393 897 1501 970 epulati
1515 906 1566 949 out
1577 898 1661 968 sopiti
1679 898 1747 948 vino
1766 904 1847 950 eraut.

262 1008 314 1051 out
328 1002 493 1073 semigraues
502 998 652 1071 potabant.
668 998 777 1053 Poueor
791 1007 886 1050 tomen
906 1013 997 1049 eorum
1011 1010 1158 1067 oppressos
1170 996 1200 1046 iu
1212 992 1347 1047 cubilibus
1362 987 1569 1063 ἐπιστώσω-αντε.
1584 993 1677 1065 Prope
1695 991 1853 1065 Hexapylon

262 1097 424 1170 euporiulu
439 1113 547 1167 magna
560 1098 593 1150 ui
610 1090 732 1167 refringi
750 1106 859 1168 coepto,
869 1104 900 1147 et
912 1110 929 1146 e
944 1110 1023 1146 muro
1036 1108 1074 1145 eu
1088 1094 1239 1162 composito
1259 1089 1325 1144 tuba
1336 1089 1435 1143 datum
1447 1092 1560 1160 sigrium
1572 1099 1648 1151 erat,
1666 1098 1694 1140 ei
1702 1091 1765 1156 jam
1778 1085 1852 1139 urdi-

263 1211 316 1266 que
326 1194 562 1262 uouJurrim,red
570 1197 603 1248 οι·
612 1203 712 1267 operio
721 1192 870 1268 gerebatur
879 1207 935 1251 res.
951 1186 1019 1244 Haec
1030 1204 1118 1264 supra
1133 1186 1151 1260 §
1168 1204 1206 1242 20
1220 1183 1316 1242 anatis
1328 1184 1468 1242 continuo
1479 1184 1579 1258 juncta
1597 1181 1684 1241 habet

919 1358 1018 1419 Codex
1039 1357 1207 1416 Parisinus:

304 1558 340 1600 τε.
360 1542 435 1599 Μετα
454 1537 484 1597 δι’
496 1559 569 1605 τινας
588 1536 689 1616 ήμίρας
703 1535 848 1614 αὖτομολου
867 1533 1077 1615 διασαφήσαντας
1097 1533 1137 1592 ότι
1153 1530 1249 1592 θυσίαν
1267 1531 1359 1610 άγουσι
1381 1530 1517 1607 πάνδημον
1535 1534 1559 1589 oi
1579 1529 1648 1590 κατὰ
1661 1529 1711 1602 τήν
1724 1529 1798 1588 πόλιν
1816 1527 1854 1607 ἐφ’

263 1634 364 1715 ήμίρας
382 1636 434 1709 ήδη
444 1643 513 1715 τρεῖς
522 1635 655 1716 Ἀρτέμιδι
666 1634 713 1699 καλ
726 1634 779 1700 τοῖς
794 1633 841 1710 μὲν
856 1631 936 1698 σίτοις
947 1634 1027 1698 λιτοῖς
1039 1634 1156 1711 χρῶνται
1171 1626 1214 1687 iu
1229 1627 1276 1699 τήν
1289 1626 1402 1701 σπάνιν,
1415 1632 1452 1707 τῷ
1468 1627 1495 1686 δὲ
1510 1626 1571 1707 οίνῳ
1584 1627 1706 1708 δαψιλεῖ,
1719 1624 1798 1685 πολύν
1812 1623 1856 1700 μὲν

263 1732 407 1793 Ἐπικύδου
422 1732 580 1807 δεδωκότος,
589 1730 672 1791 πολύν
687 1729 714 1790 δὲ
728 1728 929 1810 Συρακουσίων,
943 1726 1001 1785 τότε
1015 1723 1251 1806 προσαναλαθὼνδ
1266 1723 1376 1803 Μάρκος
1387 1724 1420 1782 τθ
1430 1733 1517 1802 τεῖχος
1528 1727 1588 1783 καθ’
1603 1722 1618 1783 δ
1633 1725 1714 1806 μέρος
1727 1714 1759 1796 ήν
1772 1744 1856 1781 ταπει·

264 1830 377 1909 νότερον,
389 1829 435 1889 καί
446 1828 556 1905 νομίσας
569 1827 638 1894 εἰκδς
650 1819 716 1886 εἶναι
727 1824 786 1893 τοὺς
798 1825 948 1907 ἀνθρώπως
959 1822 1061 1901 μεθύειν
1074 1821 1118 1882 διδ
1129 1821 1177 1893 τήν
1192 1820 1277 1880 όνεσιν
1287 1821 1333 1881 καί
1346 1819 1395 1894 τήν
1409 1819 1508 1879 ἔνδειαν
1523 1826 1569 1894 τῆς
1583 1819 1663 1901 ξηρᾶς
1675 1825 1788 1902 τροφῆς,
1801 1820 1857 1876 ἐπε·
1927 1890 1928 1907 γ

266 1924 362 1985 όάλετο
375 1924 577 2005 καταπειράζειν
592 1929 639 1996 τῆς
653 1924 770 1992 ἐλπίδος·
784 1922 852 2003 ταχύ
868 1922 896 1981 δέ
910 1921 1048 1999 κλιμάκων
1065 1925 1135 1981 δυοῖν
1150 1922 1321 2001 συντεθεισῶν
1335 1918 1506 1998 εὐαρμόστων
1523 1917 1587 1997 πφδς
1603 1919 1634 1979 τὸ
1644 1918 1752 1997 τεῖχος,
1763 1915 1857 1995 ἐγίνετο
1927 1952 1928 1957 =

265 2020 325 2097 περὶ
337 2020 371 2078 τδι
386 2026 484 2100 συνεχῆ
498 2025 544 2093 τῆς
559 2022 695 2103 πράξεως,
711 2020 757 2079 καί
770 2022 824 2087 τοῖς
840 2019 887 2097 μὲν
902 2019 1060 2090 ἐπιτηδείοις
1072 2018 1137 2099 πρδς
1150 2017 1197 2086 τήν
1212 2015 1341 2076 ἄνάθασιν
1357 2015 1403 2075 καί
1415 2016 1461 2075 τόν
1476 2014 1683 2095 ἐπιφανέστατον
1697 2016 1748 2074 καί
1761 2018 1857 2094 πρῶτον

264 2118 380 2175 κίνδυνον
395 2118 581 2196 ἐκοινολογεῖτο
599 2118 717 2198 περὶτοῦ
736 2116 889 2193 μελλοντος,
905 2114 1020 2196 μεγάλας
1038 2115 1144 2182 ἐλπίδας
1167 2116 1253 2182 αύτοῖς
1269 2112 1398 2185 ἐνδιδούς,
1412 2111 1472 2179 τοὺς
1487 2111 1514 2172 δὲ
1531 2111 1632 2178 τούτοις
1645 2111 1856 2192 ὑπουργήσαντας

264 2213 309 2273 καὶ
324 2213 510 2292 προσοίσοντας
520 2214 653 2290 κλίμακας
668 2212 784 2288 ἐξέλεξε,
800 2215 936 2293 διασαφῶν
952 2213 1026 2272 οὐδὲν
1042 2211 1111 2283 πλὴν
1127 2210 1248 2287 ἑτοίμους
1260 2199 1327 2268 εἶναι
1345 2207 1447 2286 πρδςτδ
1461 2205 1724 2288 παραγγελλόμενον.
1738 2211 1785 2287 (τε)
1796 2210 1858 2268 Πει·
1927 2208 1928 2213 ’

265 2310 454 2390 θαρχησάντων
467 2310 494 2371 δέ
509 2309 578 2371 κατδι
591 2311 621 2369 τθ
631 2309 795 2390 συνταχθὲν,
812 2308 901 2370 λαθὼν
912 2308 956 2368 τδν
969 2308 1117 2388 ἁρμόζοντα
1129 2307 1221 2388 καιρὸν
1236 2306 1327 2374 νυκτδς
1338 2306 1427 2387 ήγειρε
1441 2305 1501 2372 τοὺς
1516 2303 1648 2385 πρώτους·
1661 2307 1824 2386 προπέμψας
1835 2302 1860 2363 δὲ

265 2407 325 2474 τοὺς
339 2406 396 2485 άμα
406 2415 464 2476 ταῖς
475 2406 582 2486 κλίμαξι
599 2406 666 2484 μετδι
680 2406 797 2486 σημαίας
811 2406 856 2466 καί
869 2405 1025 2487 χιλιάρχου,
1041 2406 1087 2464 καὶ
1102 2403 1325 2486 προσαναμνήσας
1337 2407 1388 2463 τῶν
1402 2402 1533 2479 ἐσομίνων
1548 2404 1651 2484 δωρεῶν
1665 2406 1723 2470 τοῖς
1735 2404 1859 2482 άνδραγα·

265 2504 377 2580 θήμασι,
392 2503 460 2583 μετὰ
472 2503 501 2563 δέ
514 2508 597 2564 ταῦτα
610 2513 700 2563 πᾶσαν
713 2502 760 2574 τήν
775 2501 884 2581 δύναμιν
902 2502 1049 2582 ἐξεγείρας,
1064 2500 1121 2566 τοὺς
1133 2502 1182 2576 μὲν
1197 2499 1316 2580 πρώτους
1330 2502 1357 2558 ἐν
1369 2499 1531 2575 διαστήματι
1545 2499 1614 2558 κατὰ
1626 2500 1749 2574 σημαίαν
1763 2497 1856 2566 ἐξαπο-

265 2601 383 2671 στέλλει,
399 2599 535 2679 ἐνωμίνων
550 2600 577 2660 δὲ
592 2601 691 2659 τούτων
702 2602 738 2667 είς
752 2599 867 2680 χιλίους,
882 2597 968 2681 βραχύ
983 2597 1110 2657 διαλιπών
1127 2596 1203 2663 αὐτὸς
1218 2595 1306 2655 εἵπετο
1321 2598 1388 2674 μετδι
1402 2600 1449 2668 τῆς
1461 2596 1542 2670 ἄλλης
1554 2605 1688 2678 στρατιᾶς.
1705 2594 1786 2657 Ἐπεί
1797 2592 1825 2653 δέ
1838 2594 1860 2651 οί
1927 2662 1928 2669 γ

264 2698 383 2780 φέροντες
398 2699 446 2766 τὰς
460 2696 591 2775 κλίμακας
604 2696 694 2757 ἔλαθον
708 2699 833 2778 ἀσφαλῶς
849 2699 888 2777 τῷ
907 2696 990 2775 τείχει
1010 2694 1239 2774 προσερείσαντες,
1264 2693 1372 2767 ἐξαυτῆς
1390 2693 1519 2773 ώρμησαν
1534 2690 1742 2774 ἀπροφασίστως
1759 2694 1783 2752 οί
1802 2689 1862 2771 πρδς

264 2794 312 2866 τλν
326 2793 456 2853 ἐνάόασιν
479 2793 697 2872 ἀποτεταγμένοι.
716 2794 763 2871 (υτ)
789 2791 929 2853 Λαθόντων
946 2791 974 2852 δέ
999 2792 1045 2852 καλ
1059 2792 1160 2851 τούτων
1182 2790 1227 2851 καλ
1242 2792 1360 2851 στάντων
1375 2792 1418 2852 ἐπὶ
1434 2796 1479 2850 τοῦ
1495 2789 1598 2870 τείχους
1625 2790 1759 2870 βεβαίως,
1780 2786 1862 2849 uuirt
1927 2850 1928 2869 γ

263 2891 333 2951 κατὰ
348 2891 396 2964 τήν
410 2893 436 2960 ἐξ
452 2895 536 2970 ἀρχῆς
547 2890 635 2963 τάξιν,
649 2889 717 2949 ἀλλὰ
733 2889 802 2949 κατδι
819 2888 929 2967 δύναμιν
940 2887 1053 2957 ἅπαντες
1068 2889 1177 2963 ἔμελλον
1193 2889 1236 2949 δεδι
1249 2893 1302 2949 τῶν
1313 2887 1451 2966 κλιμάκων
1469 2878 1698 2967 [ἐπαναύαίνειν].
1719 2886 1797 2949 Κατὰ
1817 2884 1861 2964 μὲν
1927 2916 1928 2921 =

264 2979 308 3049 ούν
332 2988 379 3057 τδις
399 2989 482 3069 άρχδις
502 2987 716 3068 ἐπιπορευόμενοι
731 2986 779 3059 τὴν
805 2986 922 3068 ἐφοδείαν
937 2986 1034 3066 ἔρημον
1048 2985 1181 3065 εύρισκον·
1201 2989 1225 3045 οἱ
1247 2986 1297 3067 γδρ
1319 2989 1344 3053 ἐς
1361 2986 1419 3054 τούς
1438 2986 1555 3065 πύργους
1570 2984 1740 3064 ἠθροισμίνοι
1756 2984 1799 3045 διδ
1816 2983 1862 3053 τὴν

264 3089 352 3148 θυσίαν
368 3085 454 3164 οἱμὲν
470 3088 495 3154 ἐς
509 3085 597 3162 ἀκμὴν
614 3085 716 3157 ίπινον,
732 3088 755 3145 oi
770 3084 797 3143 δὲ
816 3085 961 3160 ἐκοιμῶντο
977 3083 1061 3142 πάλαι
1074 3080 1271 3161 μεθυσκόμενοι,
1294 3083 1343 3143 Διὸ
1360 3083 1468 3150 καὶτοῖς
1483 3082 1531 3159 μὲν
1545 3081 1658 3162 πρώτοις
1674 3083 1723 3142 καλ
1743 3086 1795 3148 τοῖς
1809 3080 1863 3151 ἑξῆς

264 3185 417 3252 ἐπιστάντες
439 3184 513 3265 ἄφνω
532 3183 579 3242 καί
599 3185 656 3260 μεθ’
671 3180 801 3263 ἡσυχίας,
818 3181 911 3241 ἐλαθον
931 3179 991 3247 τοὺς
1005 3179 1143 3246 πλείστους
1160 3181 1244 3238 αὐτῶν
1261 3180 1469 3247 ἀποκτείναντες.
1486 3181 1532 3257 (τι)
1545 3179 1657 3251 Ἐπειδὴ
1673 3178 1700 3237 δέ
1719 3179 1772 3244 τοῖς
1783 3175 1865 3244 Ἐξα-

263 3283 355 3347 σπίλοις
370 3280 475 3358 ήγγιξον
492 3278 711 3350 καταόαίνοντες,
730 3275 964 3356 ἐνῳκοδομημένην
980 3275 1038 3335 τινδι
1055 3276 1156 3335 πυλίδα
1168 3278 1279 3352 διεῖλον,
1300 3277 1333 3335 δι’
1347 3267 1379 3348 ής
1397 3275 1441 3335 τόν
1457 3299 1484 3334 τε
1499 3275 1646 3355 στρατηγὸν
1662 3273 1706 3333 καλ
1723 3274 1753 3334 τδ
1773 3271 1862 3333 λοιπδν

265 3377 385 3446 ἐδέξαντο
399 3375 560 3454 στράτευμα.
573 3373 653 3435 Ούτω
667 3372 699 3444 δή
714 3371 760 3441 ti<
774 3373 946 3453 Συρακούσας
961 3362 1028 3432 είλον
1041 3371 1186 3450 Ῥωμαῖοι.

307 3474 363 3552 (Ci.
376 3472 482 3532 Suidas
498 3494 506 3530 ι
520 3476 648 3547 Λιταῖς,
660 3470 774 3548 ὀλίγοις,
788 3471 887 3551 ψιλοῖς,
901 3469 1032 3531 εὐτελέσι.
1049 3468 1195 3537 Πολύύιος·
1210 3498 1221 3522 ι
1241 3468 1342 3529 Μαθὼν
1354 3471 1376 3528 δ’
1392 3469 1418 3538 ἐξ
1430 3468 1578 3547 αὐτομόλου
1595 3469 1810 3547 διασαφήσαντας
1823 3464 1862 3524 δτι
1927 3510 1928 3513 ,

265 3571 355 3653 ἑορτήν
367 3572 460 3650 οίγουσι
473 3570 611 3648 πάνδημον
622 3568 668 3629 καί
680 3576 734 3637 τοῖς
748 3567 839 3635 σιτίοις
853 3569 935 3632 λιτοῖς
944 3569 1063 3646 χρῶνται
1075 3564 1119 3625 δεδι
1130 3566 1178 3636 τ”λν
1191 3565 1285 3624 σπάνιν
1294 3609 1303 3638 ,
1312 3567 1350 3645 τῷ
1365 3565 1392 3625 δέ
1407 3564 1469 3646 οἴνῳ
1484 3566 1602 3647 δαψιλεῖ,
1615 3563 1781 3645 ἐπολιόρκει.
1793 3589 1806 3616 ν

305 3669 385 3729 ldem
403 3690 410 3727 ε
432 3665 828 3747 Προσανανεωσάμενας,
847 3660 1018 3729 ἀνακαινίσαι
1031 3659 1077 3722 καί
1096 3661 1245 3741 ιἰνεγὲίρας·
1263 3687 1276 3714 ε
1289 3659 1324 3721 Ὁ
1339 3659 1367 3720 δὲ
1384 3649 1495 3743 Μάρκος
1509 3661 1798 3742 προσανανεωσάμενος
1820 3657 1865 3731 τὴν

265 3775 311 3829 τοῦ
325 3767 430 3848 τείχους
444 3765 621 3837 ταπεινότητα
632 3762 777 3824 ίπεόοίλετο
792 3759 992 3841 καταπειράζειν
1005 3764 1052 3830 τῆξ
1065 3758 1179 3826 ἐλπίδος.
1196 3786 1209 3811 ν

269 3892 282 3911 ν
306 3867 452 3943 Anonym.
467 3864 503 3923 de
515 3863 609 3924 obsid.
623 3884 653 3942 p.
667 3864 725 3939 319
739 3881 784 3938 sq.
802 3882 809 3918 ι
825 3858 879 3927 Tire
892 3857 944 3937 γδρ
959 3854 1130 3937 Συρακούσας
1143 3854 1274 3933 μηδέποτε
1286 3856 1419 3936 ληφθῆναι
1432 3854 1577 3932 δυναμίνας
1592 3854 1636 3915 διδ
1649 3854 1697 3928 τὴν
1715 3863 1763 3916 τοῦ
1777 3856 1867 3935 Ἀρχι·

267 3962 365 4036 μήδαυς
379 3963 530 4043 εὐμήχανον
549 3963 657 4043 σοφίαν,
674 3960 880 4041 ἐπιτηρήσαντες
895 3961 919 4019 oi
932 3956 1064 4034 Ῥωμαῖοι
1082 3956 1190 4034 καιρὸν,
1208 3950 1251 4013 δτε
1267 3953 1358 4034 ἑορτήν
1377 3945 1440 4032 ἦγον
1461 3954 1485 4014 oi
1501 3953 1691 4033 Συρακούσιοι,
1717 3951 1865 4030 αὐτομόλου

263 4064 341 4120 τοῦτο
356 4060 443 4128 αὐτοῖς
457 4059 669 4140 διασαφήσαντας
683 4055 724 4116 ότι
743 4056 835 4115 θυσίαν
849 4056 942 4134 ἄγουσι
957 4050 1091 4129 πανδημεί
1108 4054 1132 4111 οἱ
1153 4051 1223 4111 κατδι
1241 4048 1289 4123 τήν
1308 4049 1384 4110 πόλιν
1402 4049 1443 4130 ἐφ’
1458 4049 1559 4130 ἡμίρας
1576 4061 1660 4131 τρεῖς,
1675 4051 1723 4110 καὶ
1744 4054 1800 4117 τοῖς
1819 4046 1865 4126 μὲν

265 4155 355 4223 σιτίοις
369 4154 465 4235 ὀλίγοις
478 4158 594 4235 χρῶνται
611 4155 654 4215 διδι
669 4153 777 4228 σπάνιν,
791 4155 829 4233 τῷ
844 4153 867 4210 δ’
882 4151 944 4232 οἴνῳ
955 4155 1072 4232 χρῶνται
1086 4148 1205 4231 δαψιλεῖ,
1219 4146 1288 4227 ταχύ
1302 4148 1329 4206 δέ
1343 4146 1388 4206 καὶ
1403 4146 1539 4224 κλιμάκων
1555 4146 1601 4206 δύο
1611 4151 1798 4224 συντεθεισῶν,
1813 4143 1868 4224 ἐγί-

265 4274 339 4310 νοντο
351 4249 435 4332 κύριοι
455 4255 504 4310 τῶν
517 4250 637 4331 πύργων·
653 4254 690 4318 είς
705 4250 756 4329 γὰρ
770 4247 829 4315 τούς
839 4247 954 4328 πύργους
967 4244 1137 4326 ἠθροισμένοι
1151 4245 1196 4305 διδ
1210 4243 1257 4317 τήν
1272 4242 1383 4318 θυσίαν,
1396 4247 1419 4304 οἱ
1435 4244 1482 4322 μὲν
1496 4244 1585 4321 ἀκμήν
1597 4242 1704 4316 ίιῖινυν,
1721 4247 1747 4304 οἱ
1760 4245 1790 4304 δί
1801 4247 1869 4303 ἐκοι-

266 4353 355 4426 μῶντο
369 4347 454 4409 πάλαι
468 4348 672 4427 μεθυσκόμενοι·
687 4345 733 4407 καλ
746 4345 839 4405 ἐλαθον
852 4345 944 4411 αύτούς
958 4343 1187 4418 ἀποκτείναντες.)

294 4597 361 4662 §ii
375 4598 413 4646 Ex
427 4594 467 4646 his
480 4595 597 4645 ποοιιιιΙΙε
608 4594 685 4644 habes
699 4595 761 4658 apud
775 4592 875 4643 Suidam
889 4596 914 4643 ei
928 4596 1098 4655 Anonymum,
1114 4601 1171 4651 qun
1182 4588 1247 4639 inire
1259 4588 1385 4651 sth'unxi.
1401 4589 1412 4653 ll
1430 4619 1460 4631 -
1471 4587 1569 4654 θυσίαν]
1581 4590 1662 4653 ἑορτὴν
1672 4586 1743 4638 snid.
1762 4585 1819 4652 11-
1834 4583 1872 4635 σῖ·

262 4668 326 4731 τοις]
342 4667 423 4723 σιτίοις
437 4669 516 4716 Arion.
529 4670 554 4716 et
564 4663 653 4715 Suides
668 4666 694 4715 et
707 4662 774 4713 haud
788 4663 864 4713 dubio
877 4660 999 4725 Polybius.
1015 4662 1026 4723 ΙΙ
1041 4685 1073 4696 -
1083 4655 1218 4725 πάνδημον]
1230 4659 1353 4710 nicetium
1365 4660 1468 4721 διιίιίυε,
1482 4662 1598 4721 πανδημεὶ
1609 4661 1656 4710 An.
1674 4658 1685 4722 ΙΙ
1700 4682 1735 4697 -·
1748 4674 1873 4720 προσανσ·

262 4735 548 4799 λαόὼν...ταπεινότερον]
565 4733 660 4801 Polybii
675 4734 751 4785 verbu
760 4733 870 4783 servavit
887 4732 975 4783 suidas
994 4752 1000 4782 :
1016 4730 1268 4794 προσανανεωσάμενος
1284 4732 1326 4789 τὴν
1338 4736 1381 4781 τοῦ
1392 4730 1483 4795 τείχους
1495 4731 1657 4790 ταπεινότητα.
1672 4728 1683 4792 ΙΙ
1694 4753 1725 4765 -
1738 4722 1874 4789 κλίμακαεί

262 4811 303 4867 τὰς
315 4811 366 4859 eii
384 4809 395 4873 ΙΙ
410 4835 442 4844 -
452 4806 468 4871 §
480 4813 519 4857 25.
530 4806 584 4861 τοὺς
596 4804 659 4869 ἅμα]
672 4807 767 4860 τούτους
777 4803 844 4866 duo?
858 4803 869 4867 ΙΙ
879 4829 911 4841 -
920 4799 1039 4865 σημαίας]
1055 4802 1152 4862 σημείας
1167 4799 1232 4860 συθ,
1244 4803 1273 4849 ui
1281 4813 1339 4851 mox
1348 4801 1457 4863 σημεῖον.
1473 4800 1484 4864 ΙΙ
1499 4825 1531 4838 -
1539 4797 1664 4864 στρατιαῖς]
1676 4797 1803 4860 στρατείας
1815 4794 1873 4847 συθ.

265 4880 277 4943 ΙΙ
294 4906 320 4917 -
333 4879 396 4944 §uu
409 4878 573 4929 irorossoiuo
583 4876 592 4940 ]
603 4875 686 4926 rddidi
698 4886 792 4925 vocem.
806 4875 834 4924 In
848 4873 933 4924 codice
943 4874 1001 4937 post
1012 4885 1038 4922 r.
1048 4871 1169 4934 κλιμάτων
1183 4870 1265 4922 eerihn
1276 4872 1383 4935 epatium
1396 4885 1504 4921 vacuum
1517 4869 1627 4934 reliquit.
1643 4871 1700 4920 Mox
1716 4869 1817 4930 δουλίαν
1830 4880 1873 4917 ου-

262 4950 340 5014 doni!
358 4976 391 4988 -
403 4952 442 5001 27.
456 4950 509 4999 τινα
522 4947 623 5011 πυλίδα]
636 4948 678 5006 τήν
686 4947 787 4995 απυλιδα
803 4944 892 5003 συείοις
907 4946 950 5003 τὴν
961 4945 1056 5006 πρώτην
1066 4942 1152 4993 πυλίδα
1163 4942 1314 4993 wesenerus
1329 4940 1453 5006 ingeniose
1464 4940 1509 4991 eod
1522 4954 1610 5006 perum
1621 4938 1805 4999 verisimiliter,
1817 4937 1872 4987 len·

263 5020 322 5071 doio
332 5019 409 5070 llario
421 5019 466 5083 qui
476 5019 502 5069 in
514 5020 549 5068 st.
566 5016 641 5068 Thes.
665 5030 710 5081 pro
721 5016 862 5079 ἀσπαθαρίῳ
881 5014 907 5064 in
921 5013 993 5064 Phot'.
1006 5027 1045 5078 op.
1065 5010 1511 5076 ου,υειιιοοι1ειίειιρυτοσπαοιιρίῳ.
1532 5013 1578 5061 Per
1597 5007 1720 5076 ejusmodi
1740 5008 1873 5072 portulam

263 5090 460 5153 nuncianum,
476 5089 541 5140 inier
555 5090 640 5153 porus
657 5086 772 5151 Ligneum
791 5090 817 5138 et
832 5085 943 5135 Chorsia
961 5085 1033 5136 sitem
1042 5123 1049 5146 ,
1059 5085 1134 5136 etiem
1147 5083 1222 5134 Turni
1236 5083 1262 5133 in
1273 5082 1358 5135 consi.
1371 5082 1459 5134 urbem
1475 5083 1625 5147 irruperunt.
1640 5083 1672 5132 v.
1690 5079 1792 5131 crItob.
1807 5078 1829 5139 Ι,
1844 5081 1875 5127 σο

262 5176 287 5226 p.
300 5166 340 5213 95.
356 5159 367 5223 ΙΙ
380 5186 412 5197 -
424 5162 486 5212 οὕτω
495 5162 524 5219 δὴ
536 5176 557 5209 τ.
572 5162 625 5223 Συρ.
640 5158 701 5207 ιῐλον
712 5156 759 5221 Ῥ.]
771 5156 879 5207 Eiireoto
889 5155 938 5205 isin
951 5155 1047 5220 portule
1057 5154 1165 5205 nondum
1177 5155 1249 5216 capto
1260 5153 1321 5203 urhe
1333 5157 1395 5213 erni,
1409 5166 1487 5216 neque
1503 5154 1643 5218 τιολιοριιιῶν
1657 5151 1791 5203 enarrator
1802 5146 1877 5212 omits

262 5237 315 5285 tere
327 5230 409 5295 potnit
422 5244 481 5294 qun
492 5229 577 5280 multis
593 5227 695 5293 exponit
707 5227 792 5278 livine
807 5232 847 5287 25,
861 5241 882 5276 o.
897 5229 982 5276 25-31.
1004 5225 1052 5275 Vix
1068 5225 1142 5288 igitur
1158 5222 1259 5283 dubium
1272 5224 1331 5287 quin
1343 5223 1391 5274 hoo
1403 5235 1502 5286 quoque
1512 5221 1568 5273 ioco
1580 5215 1696 5288 exoerpii
1708 5218 1833 5271 uberiore
1844 5217 1876 5269 eb

263 5307 364 5355 ευοίοεε
377 5300 470 5352 rodiois
483 5299 561 5351 Poris.
581 5301 696 5351 trunceto
711 5297 768 5348 sini.
789 5301 872 5348 Ρυυεα
882 5297 1012 5361 quodam,
1026 5309 1083 5362 qno
1095 5294 1144 5346 hue
1157 5295 1282 5360 pertinent
1311 5295 1338 5346 in
1351 5293 1427 5346 suido
1439 5295 1583 5357 supersum.
