3890 6044
282 428 364 544 maij
936 468 1235 531 44444444444.

283 599 386 675 Agidis
395 598 510 658 demum
522 619 627 676 regno,
642 600 723 677 quod
738 614 841 678 praeter
857 601 898 659 ias
912 615 1022 680 septem
1035 603 1120 660 annis
1133 615 1265 677 augetur,
1281 602 1317 660 ad
1330 621 1416 660 veros
1431 602 1559 661 calculos
1574 602 1744 666 traducitur.
1758 603 1877 666 Errores

282 697 351 756 illos
364 717 401 756 ex
414 698 571 757 chronicis
586 698 760 776 quibusdam
776 699 949 778 repetendos
967 712 996 757 et
1008 698 1046 757 ab
1067 699 1200 777 Ephorea
1220 699 1386 759 narratione
1399 699 1511 758 alienos
1528 718 1591 758 esse
1610 701 1674 779 ipse
1688 699 1833 762 Diodorus
1846 722 1878 762 eo

282 792 407 865 indicat,
424 794 502 872 quod
521 795 592 869 (44,
611 814 647 867 47
670 807 699 853 41
720 796 774 871 54)
795 794 963 854 Archidami
978 796 1005 854 ll
1020 795 1153 853 meminit
1170 795 1201 852 in
1214 796 1302 855 rebus
1315 815 1383 856 ann.
1402 806 1460 874 449
1475 797 1575 866 41448
1596 809 1625 854 41
1645 797 1724 874 quod
1741 798 1806 873 (46,
1822 800 1876 878 tt)

282 888 488 950 Archidamum
506 890 547 950 lll
563 911 611 953 44.
626 892 693 967 338,
705 890 752 952 01.
772 912 838 965 444,
856 893 872 949 3
887 890 1060 950 occubuisse
1073 903 1102 949 et
1113 889 1236 966 Agidem
1252 911 1311 950 non
1325 893 1509 970 quindecim,
1523 893 1573 953 sed
1588 912 1694 952 norem
1708 892 1789 971 (deb.
1806 896 1877 975 octo)

284 987 369 1046 annis
383 1006 519 1064 regnasse
534 988 616 1046 dicit.

321 1081 356 1141 ln
371 1084 539 1143 blacedonia
559 1082 723 1141 Alexander
736 1084 764 1142 11
785 1081 859 1142 obiit
883 1095 911 1140 et
925 1081 1080 1141 Perdiccas
1095 1083 1235 1145 successit
1252 1103 1300 1142 an.
1322 1083 1399 1158 4543
1415 1097 1525 1163 septem
1544 1086 1629 1144 annis
1650 1084 1766 1146 aberrat
1782 1101 1878 1147 auctor

282 1178 440 1239 Marmoris
453 1180 533 1240 Parii
547 1181 612 1258 (ep.
628 1179 697 1257 59),
711 1180 763 1257 qui
779 1199 840 1238 rern
858 1178 949 1237 relect
966 1177 1002 1236 ad
1016 1198 1064 1240 an.
1080 1181 1156 1254 464,
1171 1179 1290 1258 Olymp.
1314 1201 1364 1257 79,
1382 1190 1417 1254 4,
1434 1182 1633 1241 consentiente
1647 1182 1827 1260 Hieronymo
1848 1184 1877 1242 in

284 1276 395 1337 Chron.
411 1297 443 1355 p.
470 1276 585 1336 445441.
605 1276 743 1346 Schoene,
767 1295 785 1334 a
805 1296 865 1354 quo
886 1294 946 1334 uno
967 1268 1701 1338 444444111144114441411444414444444144111444444
1725 1278 1877 1339 Alexandri

283 1392 392 1432 annum
404 1373 533 1432 reserens
545 1370 581 1430 ad
593 1372 641 1432 ut.
655 1373 705 1445 80,
724 1392 751 1431 4.

323 1471 481 1530 Archelaus
497 1489 551 1528 rex
572 1488 692 1546 regnum
708 1468 837 1546 suscepit
851 1486 899 1528 an.
916 1468 994 1540 4133
1010 1480 1119 1546 septem
1135 1469 1221 1529 annis
1244 1484 1344 1542 antea,
1362 1473 1427 1532 sire
1440 1491 1488 1532 an.
1511 1480 1590 1543 444,
1609 1491 1666 1530 444.
1680 1469 1811 1531 Marmor
1828 1477 1877 1531 Pa·

283 1570 372 1638 41444.
394 1570 536 1645 Regnavit
551 1571 637 1626 annis
657 1567 890 1644 quattuordecim
916 1565 1104 1642 (443-399),
1123 1563 1205 1643 quod
1222 1566 1345 1626 Diodori
1370 1552 1488 1645 quoque
1507 1580 1610 1626 arictor
1629 1569 1767 1625 statuisse
1780 1566 1877 1639 debet,

282 1667 427 1746 siquidem
445 1667 505 1743 (13,
524 1675 553 1737 4,
571 1665 603 1744 3)
617 1665 750 1724 Archelai
766 1663 900 1723 meminit
911 1664 943 1721 in
965 1660 1053 1720 rebus
1070 1682 1117 1719 an.
1139 1670 1215 1735 444,
1231 1676 1260 1721 41
1273 1663 1440 1723 defunctum
1458 1682 1521 1722 esse
1541 1663 1613 1722 dicit
1628 1663 1694 1742 (44,
1710 1663 1761 1735 37,
1778 1660 1814 1741 5)
1829 1683 1876 1721 an·

284 1765 361 1839 3993
376 1761 569 1821 nihilominus
583 1780 704 1838 regnunt
720 1760 784 1838 ejus
798 1774 907 1839 septem
933 1759 1133 1818 tantummodo
1150 1779 1293 1819 annorum
1309 1761 1398 1819 fuisse
1413 1760 1524 1839 prodit.

326 1860 432 1919 Thesei
456 1879 523 1920 ossa
542 1860 647 1919 Cimon
663 1860 775 1919 oraculi
793 1859 879 1937 jussu
896 1879 913 1919 4
931 1858 1023 1936 Scyro
1041 1858 1169 1917 Athenas
1182 1858 1279 1916 attulit
1293 1877 1342 1916 44.
1360 1858 1429 1932 469,
1444 1856 1492 1916 ut.
1509 1876 1558 1929 77,
1576 1863 1612 1926 4,
1634 1852 1777 1913 archonte
1791 1855 1876 1927 Apse-

285 1957 406 2037 phione.
422 1954 537 2034 Septem
551 1957 637 2015 armis
650 1969 734 2015 antea
748 1956 829 2027 (476,
843 1955 890 2016 01.
905 1957 955 2028 76.
975 1977 1001 2023 r,
1018 1955 1166 2014 Phaedone
1184 1955 1339 2022 archonte}
1349 1950 1498 2007 oraculum
1512 1947 1612 2005 datum
1629 1962 1693 2006 esse
1710 1946 1879 2009 Plutarchus

284 2051 355 2114 dicit
383 2051 421 2129 ’4.

323 2151 356 2209 14
372 2053 549 2210 hibutorum
562 2148 668 2208 tabulis
680 2148 795 2226 primus
806 2167 916 2220 annus,
931 2168 991 2225 quo
1005 2149 1199 2208 Athenienses
1211 2146 1321 2207 tributa
1331 2145 1477 2204 sociorum
1493 2142 1614 2203 Athenis
1628 2142 1876 2213 administrarunt,

283 2260 401 2306 notatur
421 2246 515 2306 annus
529 2247 584 2316 454
599 2244 654 2326 (V.
670 2244 792 2306 Koehler
806 2246 838 2303 in
851 2249 1095 2304 Monatrbericlrte
1105 2250 1158 2304 der
1165 2249 1276 2307 Berlin.
1292 2246 1385 2303 Art-ad.
1397 2246 1427 2303 41.
1443 2245 1484 2302 W
1485 2250 1548 2313 iss,
1567 2240 1656 2315 4865,
1668 2259 1696 2317 p.
1709 2248 1768 2308 444
1781 2242 1799 2316 ).
1815 2242 1881 2297 Con·

283 2357 451 2403 sentaneum
467 2344 557 2419 igitur
574 2356 643 2403 tunc
656 2344 823 2404 aerariunte
840 2342 913 2400 llelo
925 2342 1051 2401 Athenas
1067 2343 1236 2401 translatum
1251 2360 1333 2415 esse,
1349 2340 1393 2398 uti
1406 2336 1504 2396 monet
1517 2337 1664 2415 Sauppius
1681 2338 1879 2413 (Nachrr'chten

280 2462 337 2499 von
348 2445 378 2501 d.
396 2439 592 2513 Gesellschoft.
606 2445 636 2501 41.
655 2444 698 2501 W
697 2449 744 2498 iss.
762 2450 792 2498 r'n
806 2444 983 2519 Goettingen,
997 2440 1085 2510 4865,
1104 2459 1135 2518 p.
1158 2441 1247 2514 449).
1260 2440 1298 2495 Α1
1312 2435 1518 2515 septentrionis
1532 2447 1617 2492 11111θὸ
1632 2435 1715 2506 (161,
1728 2432 1776 2492 0¹·
1790 2454 1837 2509 79,
1851 2440 1877 2497 l·

282 2537 352 2598 Vid.
373 2535 495 2613 ssoeckh,
518 2539 823 2613 Staatshaushaltnng,
849 2558 885 2607 4,
909 2558 939 2617 p.
957 2534 1032 2617 543)
1055 2535 1111 2595 1444
1129 2535 1295 2614 ponendum
1317 2534 1391 2591 soret
1416 2532 1573 2591 secundum
1599 2529 1746 2588 lustinum
1769 2532 1824 2604 (3,
1844 2526 1877 2604 6)

282 2635 333 2711 qui
349 2646 502 2712 postquam
515 2632 629 2692 dixerat
644 2633 835 2694 Athenienses
847 2652 864 2690 a
876 2632 1102 2693 Lacedaemoniis
1113 2636 1145 2692 in
1159 2631 1238 2691 bello
1257 2630 1398 2691 Messenio
1413 2628 1567 2686 advocatos
1577 2671 1587 2703 ,
1599 2645 1668 2684 mox
1683 2645 1772 2698 vero,
1785 2637 1879 2703 utpote

283 2744 424 2809 suspectae
443 2729 511 2787 udei
526 2731 717 2802 auxiliarios,
731 2729 865 2787 dimissos
883 2749 964 2803 esse,
978 2730 1060 2789 addit
1076 2752 1084 2788 t
1100 2734 1254 2787 Honorem
1270 2727 1453 2786 Athenienses
1464 2730 1587 2801 graviter
1590 2720 1721 2794 serentes
1731 2729 1877 2798 pecuniam

280 2847 345 2902 quoe
359 2841 421 2884 erat
436 2833 465 2883 in
479 2830 646 2903 stipendium
659 2829 765 2884 Persici
779 2827 847 2881 belli
861 2827 899 2881 ab
914 2834 1041 2884 uniuerso
1058 2829 1167 2883 Graecia
1178 2829 1301 2895 collato,
1315 2836 1334 2880 α
1348 2825 1419 2881 Delo
1433 2822 1563 2880 Athenas
1574 2818 1748 2885 uansserttnt
1754 2861 1763 2890 ,
1779 2840 1814 2876 ne
1832 2821 1878 2874 rie·

277 2925 434 2998 finientibus
448 2944 468 2979 o
475 2926 541 2999 fide
560 2929 699 2979 societatis
713 2925 936 2979 lacedemoniis
946 2925 1060 2998 proedoe
1074 2942 1111 2979 ac
1125 2928 1237 2998 rapiere
1254 2933 1355 2993 essent.
1373 2917 1406 2976 ln
1425 2917 1471 2977 his
1487 2933 1580 2975 nexus
1595 2932 1711 2988 444444,
1726 2927 1758 2973 41
1774 2914 1877 2993 possint
1930 2944 1931 2947 =

281 3018 345 3079 11441
361 3021 450 3092 solet,
471 3019 549 3079 falsae
563 3020 761 3096 chronologiae
779 3021 1017 3080 accommodatus
1032 3033 1082 3080 est.
1094 3017 1219 3080 Veriora
1241 3015 1395 3076 tradiderit
1410 3014 1584 3074 Plutarchus
1599 3011 1725 3091 (Pericl.
1746 3011 1810 3089 44),
1829 3008 1878 3089 qiti

284 3118 324 3172 rei
346 3135 494 3175 suasorem
509 3115 599 3175 luisse
613 3117 685 3175 dicit
696 3115 837 3175 Periclem
853 3115 978 3175 84144444
990 3117 1048 3183 τοὺς
1068 3115 1227 3195 βαρὸάρους.
1251 3120 1325 3174 Ante
1338 3135 1446 3174 annum
1465 3115 1523 3181 454
1546 3113 1621 3171 411411
1636 3111 1707 3170 adeo
1718 3121 1779 3168 erat
1792 3128 1845 3168 444
1860 3128 1877 3166 4

285 3209 381 3269 Persis
396 3211 586 3270 Athenienses
600 3211 658 3270 sibi
673 3212 827 3284 timerent,
841 3225 870 3270 at
882 3213 948 3291 ipso
959 3212 1014 3270 hoc
1033 3232 1111 3271 anno
1130 3213 1186 3281 454
1196 3258 1204 3281 ,
1214 3233 1304 3291 quum
1323 3212 1423 3270 classis
1436 3230 1538 3270 eorum
1554 3194 1661 3269 tantum
1677 3227 1735 3265 non
1749 3205 1876 3263 omni'sa

284 3305 443 3384 Megabyzo
455 3311 605 3365 Persarum
620 3309 738 3367 ducein
753 3309 877 3388 AEgypto
894 3309 1051 3381 deleretur,
1067 3307 1101 3366 ad
1114 3313 1166 3368 τῶν
1181 3307 1320 3381 Ἑλλήνων
1337 3309 1461 3388 διι7θᾶρη
1476 3306 1584 3386 (Thur.
1606 3327 1632 3379 ι,
1650 3325 1702 3364 444
1712 3306 1733 3381 ).

242 3418 247 3428 ·
324 3401 535 3461 Themistocles
549 3404 580 3461 in
594 3405 690 3462 Asiam
710 3404 777 3480 iuga
791 3406 907 3483 elapsus
920 3403 1021 3463 literas
1035 3405 1115 3462 dedit
1128 3405 1165 3464 ad
1181 3407 1368 3465 Artaxerxem
1387 3405 1442 3483 (⁸⁴¹)
1459 3403 1552 3463 444441
1566 3401 1738 3481 βασιλεύοντα
1753 3401 1832 3479 4465)
1848 3413 1875 3458 41

283 3510 349 3575 post
362 3498 431 3558 anni
449 3500 574 3575 spatium
590 3500 622 3558 in
635 3499 784 3559 Persidem
800 3501 947 3579 proiectus
962 3503 1027 3580 ipse
1043 3505 1079 3561 ad
1095 3521 1192 3578 regern
1207 3505 1344 3579 accessit,
1360 3523 1409 3562 an.
1426 3505 1496 3572 464.
1514 3500 1666 3581 Septennii
1682 3499 1874 3559 differentiam

284 3592 374 3653 habes
389 3594 465 3673 apud
483 3593 659 3669 Eusebium,
679 3596 731 3674 qui
750 3597 786 3655 ad
802 3597 850 3657 Ol.
867 3617 917 3670 77,
932 3618 959 3656 4.
981 3610 1034 3671 474
1054 3594 1129 3678 (am
1141 3598 1212 3660 Abr.
1233 3599 1327 3675 4545)
1352 3600 1486 3657 notarit:
1510 3599 1706 3654 Themistocles
1720 3599 1763 3653 nd
1781 3598 1879 3653 Persas

282 3689 419 3766 confugit.
434 3691 541 3750 Eodem
555 3692 643 3751 modo
655 3695 836 3772 computavit
850 3708 952 3752 auctor
966 3714 982 3752 e
997 3716 1056 3771 quo
1069 3696 1173 3754 Cicero
1187 3697 1219 3755 in
1231 3696 1322 3755 Laelio
1337 3719 1363 3757 c.
1382 3718 1428 3771 44,
1448 3705 1484 3765 44
1499 3696 1587 3754 441441
1601 3694 1830 3755 Themistoclem
1844 3693 1878 3752 ad

283 3787 385 3848 Persas
399 3789 496 3848 hostes
508 3808 539 3847 se
552 3791 712 3849 contulisse
725 3792 832 3868 viginti
845 3792 929 3851 annis
945 3806 1097 3870 postquam
1115 3794 1292 3853 Coriolanus
1306 3795 1341 3853 ad
1356 3793 1476 3853 Volscos
1490 3794 1586 3852 hostes
1604 3791 1725 3852 abiisset
1739 3791 1829 3873 (491).
1848 3790 1878 3847 ln

284 3885 374 3944 114414
389 3907 414 3944 4.
433 3906 465 3943 44
480 3885 582 3944 Cicero
593 3886 630 3945 de
644 3887 913 3949 hachternistoclis
928 3890 1051 3948 historia
1066 3890 1350 3950 laudatClitarchurn
1361 3903 1390 3949 et
1405 3889 1598 3966 Stratoclem‚
1614 3901 1728 3966 tempus
1749 3907 1820 3947 veru
1837 3886 1876 3944 rei

285 3980 362 4040 hautl
376 3981 465 4040 tlubie
480 3982 584 4042 41411411
597 4003 653 4045 sec.
670 3966 902 4062 Apollodorum,
917 3986 1001 4063 cujus
1016 3986 1162 4045 Chronica
1174 3989 1271 4063 magni
1289 3988 1390 4046 secisse
1402 3987 1531 4045 videtur.
1549 3984 1610 4043 Sub
1620 3983 1724 4043 eodem
1736 4004 1813 4043 anno
1824 3991 1875 4055 474

284 4075 432 4136 Diodorus
446 4099 562 4156 quoque
578 4078 648 4159 (11,
667 4082 782 4159 54-59)
797 4083 1005 4157 Themistoclis
1018 4082 1054 4142 441
1070 4087 1197 4142 Xerxem
1211 4084 1307 4160 sugam
1324 4097 1439 4154 narrat,
1454 4082 1504 4142 sed
1520 4082 1606 4140 altius
1620 4081 1775 4139 historiam
1797 4097 1879 4156 repe-

284 4175 320 4234 tit
334 4173 402 4233 inde
413 4173 450 4232 ab
463 4177 554 4235 exilio
570 4177 629 4236 viri
642 4190 670 4235 et
681 4177 819 4257 deinceps
832 4180 910 4238 ultra
922 4180 959 4238 441
970 4195 1092 4240 mortem
1106 4202 1199 4259 usqne
1213 4182 1409 4259 persequitur.
1424 4179 1597 4249 Clintonus,
1613 4177 1750 4248 Curtius,
1761 4175 1855 4235 Schaei
1866 4206 1880 4217 ·

284 4289 354 4348 rus,
368 4270 541 4345 Piersonus,
552 4274 604 4332 alii
621 4293 728 4334 annum
747 4284 801 4348 474
819 4277 897 4354 apud
913 4278 1074 4337 Diodorum
1088 4297 1125 4337 444
1140 4287 1210 4336 iera
1228 4290 1389 4355 temporum
1403 4275 1611 4353 supputatione
1625 4271 1660 4330 ad
1676 4272 1761 4331 exilii
1772 4284 1879 4347 tempus

285 4368 469 4427 referendum
482 4388 562 4442 esse,
573 4369 731 4430 Eusebium
748 4392 818 4431 vcro
838 4386 867 4431 et
884 4373 1052 4433 Ciceronem
1064 4373 1147 4432 exilii
1163 4387 1191 4433 et
1209 4373 1283 4449 litgae
1302 4386 1432 4450 tempora
1448 4369 1619 4429 confudisse
1629 4381 1802 4433 statuerunt.
1818 4362 1880 4424 Noli

284 4465 410 4527 credere.
423 4465 550 4526 Exilium
565 4465 771 4528 Themistoclis
784 4490 874 4547 quum
888 4483 966 4529 arcte
976 4470 1111 4549 junctum
1127 4471 1166 4530 sit
1180 4490 1246 4529 curn
1260 4469 1384 4528 historia
1395 4468 1562 4539 Pausaniae,
1574 4485 1660 4544 quani
1676 4465 1747 4524 inde
1758 4467 1795 4523 ab
1807 4479 1880 4521 anno

286 4571 341 4636 477
358 4562 500 4639 usquead
516 4577 638 4622 mortem
654 4565 718 4642 ejus
733 4566 792 4625 riri
810 4566 956 4626 Diodorus
967 4581 1143 4646 praepostere
1162 4580 1260 4626 narrat
1281 4566 1335 4624 sub
1349 4586 1408 4624 uuo
1421 4585 1498 4623 anuo
1514 4573 1582 4638 477,
1600 4563 1648 4623 Ol.
1668 4563 1717 4636 75,
1736 4573 1767 4635 4,
1784 4560 1878 4619 salsam

284 4659 501 4735 chronologiam
514 4660 600 4718 etiam
617 4663 648 4720 in
659 4659 866 4721 Themistoclis
879 4662 967 4722 rebus
979 4677 1096 4722 secutus
1112 4663 1212 4722 suerit.
1229 4663 1353 4734 Quinam
1366 4682 1454 4721 sertis
1468 4661 1552 4720 exilii
1573 4679 1670 4718 annus
1690 4659 1796 4729 luerit,
1807 4653 1880 4714 haud

316 4861 348 4923 t’)
363 4864 450 4912 041444
462 4873 570 4913 errorem
581 4876 636 4913 esse
647 4878 678 4914 ex
689 4865 799 4915 confusis
812 4867 973 4930 Apsephionis
987 4870 1013 4916 et
1023 4866 1154 4917 Pltrsdonis
1163 4866 1311 4917 archontum
1324 4866 1462 4916 nominibus
1476 4866 1535 4914 olim
1546 4869 1692 4929 putaveram
1703 4876 1761 4912 cum
1776 4863 1881 4921 xrugrrs

286 4930 404 5051 pilisque.i
418 4933 456 4984 cl.
476 4934 576 4985 curtius
595 4936 641 4986 Gr.
654 4935 743 4989 Gcsclt.
760 4941 790 4998 1,
807 4951 831 5000 p.
852 4941 895 4988 tas
911 4942 963 4988 441.
976 4939 1093 4990 Similiter
1108 4939 1217 5003 gemellis
1231 4938 1355 4991 enoribus
1367 4936 1528 5001 particulares
1551 4934 1653 4997 singulis
1667 4946 1753 4983 causas
1767 4942 1880 4996 474441411-

298 5013 328 5048 ur
340 5014 395 5051 4444
415 5005 551 5054 somnino.
729 5006 732 5011 '

310 5070 358 5133 (**)
368 5073 508 5124 Artaxerxis
519 5075 588 5138 regni
599 5075 695 5126 initium
707 5076 740 5127 arl
748 5090 788 5127 an.
801 5080 848 5128 445
860 5079 981 5142 pertinere
992 5083 1126 5131 constater
1139 5080 1276 5132 certissimo
1289 5081 1386 5129 canone
1395 5077 1558 5129 astronomica
1568 5075 1710 5136 Ptolemaei,
1722 5075 1798 5139 cujus
1812 5072 1882 5123 1141414

279 5138 332 5190 suis
342 5138 443 5193 calculis
453 5142 572 5195 seductus
583 5146 607 5195 iu
619 5145 724 5197 dubium
740 5150 837 5198 vocarit
849 5152 982 5213 ttrilgerus.
996 5150 1112 5199 Finclsius
1122 5164 1182 5201 reru
1197 5151 1280 5211 (Diss.
1296 5149 1327 5200 ‹lu
1339 5149 1511 5199 Themistocle.
1523 5149 1632 5211 Gotting.
1650 5150 1747 5209 1114147
1770 5150 1813 5195 114
1825 5139 1883 5205 >qui

279 5209 465 5264 Themistoclem
479 5214 602 5279 adregem
614 5217 760 5269 venissem.
773 5220 818 5267 474
833 5220 958 5282 opinatur,
969 5222 1144 5284 4414444444,
1154 5222 1252 5272 virente
1266 5224 1346 5272 xerxe
1359 5225 1443 5285 patre,
1454 5221 1522 5285 regni
1530 5219 1753 5269 4414444144144444
1767 5216 1842 5267 tuisse
1852 5225 1882 5264 ex

279 5279 379 5331 144144.
392 5280 500 5332 11444414.
514 5295 537 5333 c.
555 5285 642 5348 144414
655 5299 705 5349 quo
719 5285 773 5336 1444
789 5287 822 5337 41.
837 5291 926 5353 Geogr.
942 5288 1002 5340 min.
1018 5292 1039 5351 1,
1053 5304 1079 5354 p.
1093 5292 1214 5356 xxxllll
1228 5292 1331 5356 probare
1347 5291 1443 5348 studuit
1456 5287 1656 5355 interpretatione
1668 5285 1783 5351 insipida.
