3842 6036
250 439 307 498 152

689 430 886 493 CRITOBULI
906 428 1167 492 HISTORIARUM
1187 430 1259 491 ΠΒ.
1284 431 1320 505 V,
1343 433 1408 493 5-6.
1445 491 1447 495 ,

250 571 351 628 ίππικῶ
364 591 391 626 τε
409 573 454 626 καὶ
469 569 579 647 πεζικῷ,
594 564 799 644 ξυνεπαγόμενος
813 564 870 642 ἅμα
886 557 913 624 οἶ
926 561 973 623 καὶ
983 560 1028 625 τῖες
1075 564 1257 643 προκηρύξας,
1273 563 1306 622 τᾶ
1322 565 1348 622 δὲ
1361 564 1406 622 καλ
1425 563 1528 644 προθεὶς
1539 566 1652 624 πλεῖστα
1674 565 1721 623 καῖ
1735 562 1850 649 μέγιστα

239 708 246 719 ,
255 632 379 737 μηχαῖδις
393 654 438 714 καὶ
458 654 557 735 χαλκὸν
571 654 616 712 καλ
630 653 735 734 σίδηρον
754 654 794 712 ὀτι
816 652 915 727 πολύν,
926 653 1026 732 γίνεται
1075 651 1214 728 καὶτιμὰς
1234 653 1279 709 καὶ
1294 652 1405 732 χάριτας
1421 654 1469 711 οὐκ
1488 651 1578 731 ὀλίγας
1592 661 1645 719 τοῖς
1661 651 1773 732 πρώτοις
1785 655 1850 713 ἐπι·
1910 674 1911 677 ’

252 746 322 805 κατδι
334 746 381 816 τήν
394 744 484 825 χώραν
498 747 549 802 τῶν
559 742 693 822 Βόστρων.
705 743 759 803 Καὶ
772 744 908 820 γενόμενος
921 746 948 804 ἐν
959 745 1026 822 αὐτῇ
1076 740 1138 800 ὀᾶσι
1159 745 1205 799 τοῦ
1232 740 1348 821 τείχους,
1374 739 1483 820 προσέτι
1509 740 1538 799 δέ
1562 743 1608 800 καλ
1631 740 1778 822 διαρπαγήν
1801 742 1855 801 καὶ

251 837 344 914 πρῶτα
358 833 405 907 μὲν
419 832 486 909 ἐγνω
501 833 556 890 δεῖν
568 834 594 899 ἐς
605 832 722 900 ’ίάῖτζον
736 834 818 892 ἐλθεῖν
831 833 876 891 καῖ
886 834 1025 912 ἐπιχειρῆ-

252 945 297 979 σαι
317 921 417 997 ταύτη,
430 918 455 977 εἴ
472 942 501 996 γε
518 919 622 979 δύναιτο
632 918 884 1000 παραστήσασθαιή
900 919 1026 1000 ὁμολογία

252 1010 269 1080 ἢ
284 1021 338 1077 τοῖς
349 1010 439 1076 ὅπλοις
452 1010 515 1088 βία,
529 1007 619 1067 ἔπειτα
632 1008 676 1067 καλ
688 1010 751 1088 πρὸς
762 1009 794 1067 τδι
810 1011 877 1069 ἄλλα
893 1013 1024 1088 χωρῆσαι.

252 1099 289 1178 (ολ
300 1096 472 1176 Προσελάσας
488 1088 532 1155 οὐν
545 1095 671 1174 αὐτῇκαῖ
689 1098 865 1176 στρατόπεδον
886 1098 1025 1175 βαλλόμε-

252 1209 294 1253 νος
308 1185 360 1264 πρὸ
381 1190 426 1242 τοῦ
447 1186 553 1259 ἄστεος,
574 1183 665 1260 λόγους
686 1185 830 1265 προσφέρει
850 1188 953 1264 πρῶτον
974 1185 1027 1250 τοῖς

254 1279 280 1334 ἐν
291 1277 357 1353 αὐτῇ
369 1274 430 1351 περί
445 1274 490 1351 (τε)
505 1272 626 1337 ἐνδόσεως
635 1275 734 1331 ἑαυτῶν
742 1298 772 1332 τε
783 1273 882 1333 καὶτοῦ
894 1274 985 1340 ἄστεος
994 1272 1027 1330 τλι

254 1359 335 1418 πιστδι
350 1360 486 1420 λαβοῦσιν·
499 1363 534 1426 ὡς
547 1361 571 1418 δ’
585 1362 632 1419 οὐκ
645 1359 750 1434 ἔπειθε,
766 1365 858 1443 πρῶτα
871 1361 919 1439 μὲν
931 1361 965 1420 τὸι
978 1361 1026 1429 ἔξω

254 1454 300 1519 τῆς
311 1449 506 1528 χώραςέδήωσε
516 1449 561 1506 καλ
573 1448 699 1528 ἐνέπρησε
709 1449 806 1523 πάντα,
819 1448 909 1507 ἔπειτα
918 1449 1026 1529 χάρακα

253 1536 305 1617 πρὸ
315 1543 361 1596 τοῦ
377 1537 467 1604 ἄστεος
483 1537 643 1616 βαλλόμενος
657 1538 703 1596 καλ
717 1536 807 1617 κύκλῳ
823 1536 972 1618 περιλαβὼν
988 1543 1025 1616 τῷ

254 1627 360 1704 στρατῶ
373 1625 419 1684 καὶ
433 1625 554 1705 μηχανὰς
570 1624 716 1697 ἐπιστήσας
727 1627 884 1704 ἐπολιόρκει,
899 1627 945 1685 καῖ
959 1627 1027 1704 ἡμέ-

254 1736 302 1792 ρας
317 1714 364 1791 μέν
376 1736 447 1781 τινας
460 1717 488 1773 οὐ
498 1712 598 1779 πολλλις
610 1714 728 1774 κατέσειε
741 1713 770 1772 τό
777 1715 863 1792 τεῖχος
875 1713 919 1773 καλ
932 1736 1027 1793 κατερ-

255 1800 340 1878 ρίπτει
355 1808 411 1867 ταῖς
432 1800 584 1880 μηχαναῖς·
601 1804 637 1869 ὡς
650 1804 674 1859 δ’
695 1801 782 1860 ίκανλν
808 1802 893 1862 ἐδόκει
914 1806 985 1884 αὐτῷ
999 1804 1028 1862 τὸ

253 1886 446 1967 καταρριφθὲν,
462 1888 672 1966 παρεσκευάζετο
689 1888 868 1967 προσύάλλειν
883 1894 921 1969 τῷ
946 1894 1027 1970 τείχει

253 1975 328 2055 πάσῃ
339 1975 410 2056 χειρὶ
424 1974 468 2033 καὶ
483 1975 601 2053 δυνάμει.
657 1978 691 2053 (ι)
709 1979 804 2043 Καλῶς
818 1970 862 2037 οὐν
877 1980 985 2048 ἐκτάξας
998 2004 1028 2039 τε

253 2062 299 2120 καλ
317 2064 430 2129 ὁπλίσας
444 2061 493 2134 τήν
517 2062 642 2142 στρατιλιν
665 2063 831 2142 προσίύαλλε
847 2067 1026 2147 πανταχόθεν,

255 2149 298 2209 ἐπὶ
318 2149 344 2207 δέ
359 2149 389 2209 τύ
410 2151 617 2229 κατερριμμένον
633 2156 678 2209 τοῦ
699 2151 801 2233 τείχους
822 2152 911 2224 ἔταξεν
933 2160 1025 2219 ἑαυτὸν

253 2237 298 2306 ξύν
318 2243 351 2316 τῇ
376 2238 430 2317 ἰδία
452 2240 519 2315 αὐλῇ
545 2238 591 2297 καλ
611 2243 649 2317 τῷ
669 2243 807 2320 ἀκραιφνεῖ
828 2248 874 2301 τοῦ
899 2252 1028 2324 στρατοῦ,

253 2324 373 2392 ὁπλίταις
387 2326 415 2384 τέ
436 2348 505 2407 φημι
525 2328 570 2385 καῖ
586 2326 702 2395 τοξόταις
718 2329 765 2388 καὶ
783 2332 968 2410 σφενδονήταις
983 2335 1028 2393 καῖ

252 2414 458 2497 τουφακοφόροις
471 2414 504 2473 τδι
522 2415 649 2491 μάλιστα.
700 2416 783 2485 Εὐθὺς
806 2411 850 2479 οὐν
862 2421 989 2490 λαόόντες
1004 2428 1028 2484 οί

253 2508 413 2585 στρατιῶται
437 2505 467 2564 τὸ
491 2504 624 2583 ξύνθημα,
641 2506 710 2584 μέγα
734 2507 779 2566 καλ
802 2509 912 2589 φοόερδν
928 2514 1029 2572 ἀλαλά-

253 2593 341 2661 ξαντες
354 2598 423 2675 ὁρμῇ
439 2596 526 2677 πολλῇ
546 2597 591 2653 καλ
602 2598 701 2676 σπουδῇ
715 2598 829 2678 ἐχώρουν
840 2600 928 2682 δρόμῳ
943 2602 985 2660 ἐπὶ
1001 2604 1030 2660 τὸ

253 2684 463 2764 κατερριμμένον
473 2690 519 2742 τοῦ
531 2685 650 2762 τείχους,
668 2687 714 2744 καὶ
727 2685 872 2747 ἐπιύαίνειν
888 2693 1029 2770 ἐπειρῶντο

250 2762 307 2837 βιῳ.
350 2760 385 2838 (ο)
397 2761 467 2819 Οίδὲ
479 2760 511 2831 δή
528 2762 639 2829 Παίονες
653 2764 789 2820 ἄντεπίασι
804 2762 849 2821 καὶ
864 2764 937 2822 αὐτοὶ
948 2764 1021 2839 μάλα

249 2843 365 2923 θρασέως
381 2870 409 2905 τε
425 2848 469 2905 καί
484 2849 620 2927 εὐρώστως
640 2849 708 2926 μετδι
721 2856 836 2930 κραυγῆς
855 2851 961 2929 ἀσήμου
975 2852 1020 2911 καλ

247 2934 326 3010 βοῆς·
341 2934 388 2993 καλ
400 2935 549 3004 ξυνίσταται
565 2935 597 3009 δή
613 2937 688 3018 μάχη
703 2940 818 3019 καρτερδι
833 2938 957 3008 ξυσταδὸν
975 2941 1020 3000 καὶ

247 3020 328 3097 μέγας
342 3022 412 3100 ἀγών
424 3026 534 3083 ἐνταῦθα
548 3026 593 3083 καλ
605 3024 720 3100 ώθισμδς
735 3024 816 3094 πολύς
827 3027 872 3086 καὶ
886 3026 935 3106 βοή
950 3028 1020 3105 ξυμ-

249 3109 328 3186 μιγλς
340 3114 404 3188 παρ’
421 3112 575 3192 ἀμφοτέρων
593 3115 638 3171 καὶ
652 3114 810 3193 βλασφημία
825 3115 870 3172 καλ
882 3112 956 3195 φόνος
974 3117 1022 3174 οὐκ

246 3198 341 3273 ὀλίγος,
356 3198 401 3256 καὶ
412 3200 566 3279 ἀμφοτέρων
580 3202 679 3279 ἀνδρῶν
689 3205 792 3279 ἀγαθῶν
801 3203 954 3281 γινομένων,
969 3207 1020 3261 τῶν

248 3284 297 3360 μὲν
314 3284 476 3361 ὀιαζομένων
499 3289 613 3347 ἐσελθεῖν
636 3288 681 3347 καὶ
701 3290 791 3350 λαόεῖν
817 3291 847 3348 τό
869 3290 953 3363 ἄστυ,
968 3296 1019 3353 τῶν

246 3371 274 3430 δέ
290 3372 460 3431 ἄπεώσασθαι
473 3374 579 3443 τούτους
590 3376 635 3435 καλ
651 3377 765 3457 φυλάξαι
777 3378 811 3436 τά
824 3376 904 3453 όντα,
921 3381 1020 3446 παῖδάς

249 3457 279 3515 τί
295 3480 364 3539 φημι
382 3461 428 3519 καῖ
448 3467 574 3540 γυναῖκας
591 3464 639 3524 καὶ
652 3464 686 3524 τδι
700 3465 861 3541 τιμιώτατα.
908 3469 940 3547 (ο)
962 3471 1018 3529 Καὶ

246 3545 309 3604 ποτὲ
325 3545 373 3623 μὲν
387 3549 537 3628 βιαζόμενοι
547 3555 571 3611 οί
587 3554 693 3612 ὁπλῖται
707 3552 766 3620 τούς
775 3554 893 3623 Παίονας
910 3558 1021 3637 ἐπεκρά-

244 3657 305 3694 τουν
321 3635 367 3695 καλ
383 3636 520 3698 ἐπέὀαινον
535 3646 580 3699 τοῦ
594 3642 705 3721 τείχους,
719 3643 783 3703 ποτλ
801 3643 829 3702 δὲ
841 3644 921 3704 πάλιν
935 3647 1017 3706 ὠθού-

246 3747 317 3799 μενοι
336 3724 453 3784 ὁπλιτῶν
468 3725 589 3787 Παιόνων
610 3727 783 3800 ἐξηλαύνοντο
799 3730 861 3812 βία,
883 3732 929 3792 καλ
952 3734 1018 3793 ἀπέ-

245 3818 354 3886 θνησκον
369 3816 448 3873 αὐτοῦ
459 3818 506 3875 οὐκ
519 3815 602 3896 ὀλίγοι
612 3817 759 3899 μαχόμενοί
768 3843 798 3879 τε
812 3821 858 3880 καῖ
870 3824 1019 3893 πίπτοντες.

245 3902 299 3961 Ιίαὶ
312 3907 390 3961 τοῦτο
408 3903 447 3984 ἐφ’
460 3904 550 3964 ίκανόν
561 3906 652 3985 χρόνον
668 3908 777 3985 ἐγίνετο,
789 3912 947 3990 μαχομένων
968 3915 1020 3991 ἀμ·

246 3988 362 4068 φοτέρων
394 3992 531 4069 γενναίως·
558 3994 649 4055 ἔπειτα
687 3999 845 4078 ἀπεκράτουν
877 4005 968 4082 πολλῷ
997 4006 1020 4063 οἱ

249 4077 364 4145 Παίονες
377 4079 423 4137 καλ
437 4083 462 4139 οἱ
478 4085 584 4143 ὁπλῖται
601 4084 749 4162 πιεζόμενοι
766 4086 865 4168 σφόδρα
884 4091 1019 4150 ἐκακοπά-

245 4166 320 4237 θουν,
339 4164 477 4235 πίπτοντες
504 4172 583 4229 αὐτοῦ
609 4171 704 4232 πολλοὶ
722 4179 836 4252 γενναῖοι
859 4176 904 4234 καὶ
923 4177 1016 4254 ἀγαθοὶ

244 4250 344 4329 ἄνδρες.
386 4253 419 4332 (7)
436 4255 564 4325 Βασιλεὺς
583 4258 610 4317 δέ
627 4262 694 4340 ὁρῶν
715 4259 783 4320 οὐτω
802 4269 1016 4332 κακοπαθοῦντας

243 4340 288 4400 καλ
303 4341 499 4421 ἀπολλυμένους
511 4344 570 4413 τούς
580 4347 675 4428 ἄνδρας
690 4349 792 4430 βαρέως
806 4351 881 4432 έφερε
896 4353 1013 4435 σφόδρα,

243 4428 289 4488 καί
299 4430 359 4489 τότε
375 4429 423 4508 μέν
438 4431 608 4513 ἀναχώρησιν
619 4438 740 4516 σημήνας
755 4440 889 4501 ἐκέλευσεν
901 4440 951 4509 ἔξω
966 4465 1015 4519 γε-

241 4515 331 4577 νέσθαι
345 4521 442 4597 βελῶν·
458 4522 503 4580 καλ
518 4522 676 4604 ἀνεχώρουν·
693 4527 760 4603 μετὰ
776 4526 803 4588 δέ
818 4533 902 4588 ταῦτα
919 4531 1014 4604 πάλιν,

242 4606 269 4665 ἐν
283 4608 313 4665 οὐ
325 4609 435 4677 πολλαῖς
446 4608 575 4691 ήμέραις,
587 4613 770 4683 διαναπαύσας
780 4640 809 4676 τε
824 4616 871 4689 τήν
887 4618 1014 4697 στρατιάν

242 4692 286 4752 καί
297 4694 408 4765 ὁπλίσας
421 4697 466 4756 καλ
480 4698 588 4768 ἐκτάξας
602 4704 700 4777 καλῶς,
711 4704 891 4784 προσέόαλλεν
902 4709 1017 4789 ἰσχυρῶς

245 4785 283 4859 τῷ
303 4783 461 4860 πολίσματι,
485 4788 530 4846 καί
546 4786 642 4866 1ἡγεῖτο
662 4796 765 4872 πρῶτος
790 4793 881 4869 αὐτὸς,
902 4785 969 4854 ἄθλά
989 4820 1018 4855 τε

1076 829 1191 905 σκυλμὸν
1202 830 1375 909 προοημήνας
1385 829 1490 889 πάντων
1502 831 1554 887 τῶν
1562 831 1588 888 ἐν
1603 834 1641 909 τῷ
1650 830 1735 888 ἄστει.
1749 830 1780 910 (a)
1794 830 1855 889 Καὶ
1910 828 1911 851 ³

1076 919 1099 974 οί
1115 921 1274 995 στρατιῶται
1292 917 1360 996 μέγα
1375 917 1421 976 καί
1439 916 1549 999 φοόερόν
1569 918 1749 986 ἀλαλάξαντες
1773 917 1850 983 εὐθὺς

1076 996 1118 1065 οἶά
1131 1028 1196 1072 τινες
1210 1006 1303 1077 πτηνολ
1317 1010 1387 1084 ὁρμῇ
1401 1008 1487 1085 πολλῇ
1503 1006 1548 1065 καλ
1568 1004 1658 1086 δρόμῳ
1675 1006 1797 1073 ἀτάκτως
1817 1029 1853 1063 τε
1910 1034 1911 1083 3

1076 1092 1121 1153 καῖ
1141 1092 1183 1163 ξύν
1199 1092 1282 1152 οὐδενὶ
1300 1094 1391 1174 κόσμῳ
1409 1094 1455 1152 καὶ
1470 1096 1590 1175 λογισμῷ
1609 1099 1741 1173 χωροῦσιν
1755 1093 1797 1152 ἐπὶ
1816 1093 1850 1151 τό
1910 1096 1911 1141 λ

1076 1192 1162 1261 τεῖχος
1187 1181 1234 1240 καὶ
1249 1180 1394 1241 ἐπιῦαίνειν
1415 1184 1555 1262 ἐπειρῶντο
1569 1185 1662 1255 αὐτοῦ,
1685 1182 1772 1258 οἱμὲν
1792 1181 1852 1239 κλῖ-

1077 1294 1165 1346 μακας
1191 1268 1361 1341 ἐπιτιθέντες,
1382 1273 1407 1328 οἱ
1429 1270 1458 1328 δέ
1481 1270 1600 1350 σχοίνους
1629 1270 1802 1348 ἐξαρτῶντες,
1826 1273 1852 1329 οῖ

1077 1360 1104 1417 δὲ
1116 1358 1269 1425 πασσάλους
1282 1357 1526 1436 ἐγκαταπηγνύντες
1540 1364 1577 1437 τῷ
1591 1360 1689 1438 τείχει,
1702 1364 1727 1419 οἱ
1742 1359 1767 1418 δὲ
1779 1360 1854 1437 ἄλλῳ
1910 1408 1912 1445 ,

1077 1472 1115 1529 τῳ
1132 1446 1222 1528 τρόπῳ
1245 1449 1347 1526 δυνατῷ
1366 1449 1515 1526 βιαζόμενοι
1531 1450 1660 1521 ἐσελθεῖν,
1678 1446 1724 1507 ἄτε
1741 1449 1791 1526 γάρ
1806 1452 1857 1506 τοῦ

1079 1535 1210 1616 βασιλέως
1220 1535 1346 1615 παρόντος
1358 1534 1403 1593 καὶ
1419 1537 1549 1614 θεινομένου
1561 1536 1594 1595 τὰ
1606 1535 1729 1617 δρώμενα
1741 1534 1787 1593 καὶ
1802 1532 1852 1604 τῆν
1910 1562 1911 1615 γ

1079 1622 1192 1682 ἑκάστου
1208 1622 1254 1682 καὶ
1269 1622 1353 1701 ὁρμήν
1370 1622 1415 1681 καλ
1431 1625 1549 1697 σπουδήν
1570 1624 1615 1683 καὶ
1633 1623 1725 1706 ῥώμην
1740 1622 1786 1682 καῖ
1806 1624 1858 1680 ἄν·
1910 1636 1912 1651 '

1078 1713 1151 1794 δρίαν
1167 1713 1213 1772 καί
1232 1711 1323 1791 τάξιν,
1337 1715 1383 1772 καὶ
1398 1705 1465 1772 ἀθλα
1480 1713 1593 1792 μέγιστα
1607 1715 1804 1794 προσδοκῶντες
1825 1715 1859 1770 ἐκ
1910 1744 1911 1805 γ

1076 1800 1168 1860 τούτου
1184 1800 1313 1881 λήψεσθαι
1336 1803 1364 1859 οὐ
1392 1802 1474 1880 μικρδ
1501 1800 1642 1883 ἐφρόνουν,
1669 1801 1728 1861 ἀλλ’
1744 1801 1859 1865 ἕκαστος
1910 1820 1911 1829 ’

1079 1894 1181 1969 πρῶτος
1199 1887 1276 1955 αὐτός
1295 1911 1322 1946 τε
1347 1879 1416 1947 εῖναι
1436 1889 1558 1947 ἐύούλετο
1576 1889 1622 1948 καλ
1647 1894 1662 1950 ὁ
1683 1894 1730 1948 τοῦ
1747 1887 1856 1968 ,τείχους
1910 1880 1911 1955 ί

1078 1976 1172 2043 ἐπιὸὁις
1186 1977 1233 2036 καλ
1250 1982 1264 2036 ὁ
1283 1975 1385 2035 Παίονα
1400 1977 1503 2044 κτείνας
1522 1976 1568 2035 καῖ
1583 1981 1597 2035 ὁ
1614 1977 1661 2048 τήν
1676 1977 1794 2053 σημαίαν
1818 1980 1860 2033 τῶ
1910 1968 1911 2013 ί

1077 2063 1159 2142 τείχει
1180 2062 1226 2122 καλ
1248 2068 1281 2141 τῇ
1302 2063 1409 2132 ἐπάλξει
1430 2063 1618 2144 προσαγαγών.
1664 2069 1695 2142 (υ)
1717 2069 1753 2125 Οἱ
1775 2063 1804 2123 δὲ
1823 2064 1860 2134 δὴ

1078 2155 1188 2218 Παίονες
1204 2150 1338 2231 εὐρώστως
1349 2154 1423 2228 μάλα
1433 2151 1479 2210 καλ
1493 2152 1561 2227 μετδι
1571 2152 1682 2234 θράσους
1697 2155 1738 2210 δτι
1751 2153 1855 2213 πολλοῦ
1910 2194 1911 2197 =

1078 2239 1123 2299 καί
1136 2244 1219 2319 ὁρμῆς
1230 2239 1275 2297 καλ
1287 2239 1383 2320 τάχους
1396 2240 1440 2309 ξύν
1460 2244 1510 2321 βοῇ
1522 2240 1619 2321 ἀσήμῳ
1632 2240 1758 2312 ἀπήντων
1770 2265 1798 2299 τε
1812 2239 1861 2298 καὶ

1078 2327 1197 2405 ἐδέχοντο
1205 2327 1438 2406 τούτουςγενναίως
1450 2329 1497 2387 καλ
1504 2331 1635 2410 ἰσχυρῶς·
1646 2331 1692 2388 καὶ
1703 2330 1857 2398 ξυνίσταται
1910 2342 1911 2387 ί

1080 2418 1156 2495 μάχη
1169 2440 1206 2483 τις
1217 2419 1327 2475 ἐνταῦθα
1339 2416 1455 2496 καρτερά
1465 2416 1512 2475 καλ
1524 2416 1671 2497 φρικώδης,
1683 2416 1728 2476 καὶ
1741 2417 1800 2476 οῖαν
1813 2421 1859 2478 οὐ·
1910 2420 1911 2509 γ

1077 2503 1128 2571 δεῖς
1148 2504 1200 2564 οὐτ’
1213 2495 1279 2563 εἶδεν
1295 2502 1349 2564 οὔτ’
1360 2504 1471 2577 ήκουσεν
1483 2505 1527 2562 ἐπὶ
1539 2504 1696 2586 τειχομαχίη
1709 2506 1862 2583 γεγενημέ·
1910 2512 1911 2573 ί

1076 2616 1124 2665 νην
1145 2592 1224 2665 ποτὲ,
1249 2594 1294 2651 καὶ
1318 2593 1435 2669 μάλιστα
1450 2591 1482 2665 δή
1510 2595 1572 2673 περί
1594 2595 1624 2654 τὸ
1639 2596 1856 2675 κατερριμμένον
1910 2594 1911 2635 ί

1080 2683 1125 2738 τοῦ
1137 2679 1255 2760 τείχους·
1266 2681 1436 2757 μεθυσθέντες
1446 2681 1498 2762 γλιρ
1513 2686 1550 2761 τῷ
1565 2683 1726 2764 πολέμῳκαῖ
1733 2683 1810 2752 ὅλους
1822 2685 1856 2742 δι’
1910 2686 1911 2753 ί

1077 2770 1144 2830 ὀλων
1159 2773 1266 2839 ἑαυτοὺς
1288 2774 1405 2841 ἐκδόντες
1419 2776 1486 2853 ὀργῇ
1505 2776 1554 2834 καλ
1571 2780 1665 2857 θυμῷ,
1692 2777 1737 2837 καλ
1760 2778 1859 2857 σχεδὸν

1076 2860 1215 2940 τὴνφύσιν
1233 2861 1398 2938 ἠγνοηκότες,
1416 2860 1570 2923 κατέκαινον
1586 2864 1717 2938 ἀλλήλους
1731 2866 1779 2926 καὶ
1806 2891 1856 2927 κοι-
1910 2874 1911 2893 ’

1075 2950 1203 3009 τέκοπτον
1231 2950 1347 3024 ἀιοικτλ,
1378 2953 1531 3031 βάλλοντες,
1561 2956 1734 3034 βαλλόμενοι,
1758 2947 1857 3037 τιτρώζ
1910 2954 1911 3017 ί

1076 3059 1196 3115 σκοντες,
1224 3039 1442 3118 τιτρωσκόμενοι,
1468 3039 1630 3119 φονεύοντες,
1665 3043 1856 3123 φονευόμενοι,

1077 3128 1202 3203 βοῶντες,
1218 3128 1377 3203 ύόρίζοντες,
1401 3131 1633 3209 βλασφημοῦντες,
1651 3136 1763 3206 μηδενὸς
1778 3139 1852 3192 ἐπαι-
1910 3180 1911 3187 ,

1076 3213 1229 3290 σθανόμενοι
1238 3219 1289 3273 τῶν
1297 3215 1434 3295 παρόντων
1444 3215 1753 3298 ὁλωςήτῶνδμωμένων,
1762 3221 1855 3300 ῶσπερ
1910 3244 1911 3285 ν

1075 3304 1099 3359 σί
1113 3302 1276 3379 μαινόμενοι.
1322 3306 1370 3385 (ιο)
1379 3301 1512 3365 Ἐπιπτον
1527 3297 1572 3365 οῦν
1585 3309 1679 3368 πολλοὶ
1694 3309 1740 3368 καὶ
1755 3312 1848 3389 αἰγαὸοῖ
1910 3294 1912 3309 ί

1077 3389 1168 3468 ἄνδρες
1182 3389 1331 3470 μαχόμενοι
1348 3396 1401 3453 τῶν
1420 3417 1449 3452 τε
1463 3396 1577 3454 ὁπλιτῶν
1593 3396 1638 3456 καὶ
1658 3402 1711 3457 τῶν
1729 3399 1784 3457 ἀπὸ
1808 3403 1852 3471 τῆς
1910 3414 1911 3419 ’

1078 3478 1216 3554 βασιλικῆς
1227 3481 1308 3552 αὐλῆς
1320 3481 1454 3559 μάλιστα,
1473 3482 1638 3561 ἀφειδοῦντές
1651 3509 1681 3544 τε
1693 3489 1798 3546 ἑαυτῶν
1810 3487 1856 3547 καλ

1075 3565 1261 3644 αἰσχυνόμενοι
1281 3572 1319 3626 τῶ
1339 3569 1390 3649 πρὸ
1412 3571 1556 3650 ὀφθαλμῶν
1577 3575 1642 3651 ὁρᾶν
1658 3574 1702 3632 τὸν
1725 3575 1854 3653 βασιλέα·
1910 3580 1911 3587 ’

1077 3652 1120 3720 ξύν
1138 3654 1223 3721 αὐτοῖς
1239 3655 1291 3734 γάρ
1302 3629 1335 3728 ήν
1351 3658 1642 3735 ἀγωνιζόμενος.ολδέ
1663 3663 1776 3731 Παίονες
1792 3668 1853 3724 ἐπε-

1076 3743 1187 3820 κράτουν
1203 3747 1295 3825 πολλῷ
1312 3751 1467 3826 πανταχοῦ,
1488 3748 1589 3808 ἄνωθέν
1602 3774 1631 3809 τε
1643 3753 1796 3833 μαχόμενοι
1810 3752 1856 3813 καὶ
1910 3802 1911 3805 .

1078 3832 1103 3899 ἐξ
1121 3830 1277 3911 ὑπερδεξίων
1294 3833 1435 3913 βάλλοντες
1454 3834 1501 3894 καὶ
1517 3838 1590 3914 μάλα
1606 3837 1742 3917 εὐρώστως
1759 3843 1854 3921 ἄγωνι·
1910 3852 1911 3865 ²

1082 3918 1198 3997 ζόμενοι·
1217 3911 1284 3993 ήσαν
1302 3921 1354 4002 γᾶρ
1372 3922 1485 3992 ἅπαντες
1499 3924 1593 4004 ἀγαθοὶ
1612 3926 1657 3985 καὶ
1677 3928 1797 4008 μάχιμοι
1812 3929 1855 3988 ἄν·

1078 4008 1152 4087 δρες,
1184 4008 1333 4088 ἀριστίνδην
1364 4011 1547 4089 ἐξειλεγμένοι.
1590 4015 1639 4095 (ιι)
1672 4016 1805 4086 Βασιλεὺς
1826 4016 1854 4076 δέ
1910 4014 1911 4057 Ῐ

1075 4099 1142 4174 ὁρῶν
1151 4095 1212 4164 τούς
1224 4097 1319 4177 ἄνδρας
1329 4100 1512 4179 φθειρομένους
1519 4100 1593 4181 παρδι
1602 4102 1682 4177 πολύ,
1698 4104 1729 4164 τό
1739 4128 1771 4164 τε
1779 4106 1852 4187 ίργον

1075 4185 1190 4260 οὐδαμοῦ
1214 4192 1368 4265 προχωροῦν
1382 4186 1433 4263 ἐτι,
1446 4191 1503 4249 ἀλλ’
1517 4191 1542 4257 ἐς
1555 4188 1670 4250 ἀδύνατα
1690 4196 1788 4273 σχεδὸν
1802 4218 1851 4254 κα·
1910 4268 1911 4273 ¹

1075 4273 1230 4343 θιστάμενον
1252 4277 1282 4334 τὸ
1297 4276 1407 4358 πολέμῳ
1424 4278 1471 4337 καλ
1492 4275 1580 4347 ὁπλοις
1594 4282 1624 4339 ἐκ
1637 4284 1793 4362 προσὸολῆς
1811 4286 1852 4364 βίφ

1076 4360 1105 4417 τὸ
1117 4360 1182 4418 ἄστυ
1199 4364 1281 4436 ἑλεῖν,
1295 4365 1365 4440 λιμῷ
1380 4367 1407 4423 δὲ
1426 4367 1504 4443 μόνον
1521 4368 1567 4426 καὶ
1583 4371 1724 4452 πολιορκία
1739 4381 1848 4454 μακρᾷ,
1910 4394 1911 4437 J

1073 4449 1242 4530 ἀναχώρησιν
1267 4450 1383 4531 ἐσήμηνε
1401 4460 1435 4536 τῇ
1455 4479 1487 4514 στ
1506 4466 1580 4535 ατιᾷ·
1604 4457 1649 4517 καῖ
1667 4461 1789 4534 ἐγένοντο
1806 4460 1855 4528 ἔξω
1910 4504 1911 4533 3

1075 4537 1170 4615 βελῶν.
1213 4536 1260 4618 (τε)
1277 4539 1463 4621 ’λναχωρήσας
1477 4567 1521 4603 ουν
1540 4547 1566 4608 ἐς
1587 4546 1617 4605 τὸ
1637 4547 1819 4626 στρατόπεδον
1837 4553 1853 4607 ὁ

1074 4624 1196 4702 βασιλεὺς
1215 4629 1423 4707 παρεσκευάζετο
1460 4634 1486 4699 ἐς
1508 4631 1556 4709 μὲν
1580 4634 1610 4693 τὸ
1629 4635 1697 4694 ἄστυ
1727 4637 1851 4720 στρατιάν

1072 4714 1168 4786 ἱκανήν
1188 4717 1329 4776 ἀπολιπεῖν
1342 4721 1533 4801 πολιορκοῦσάν
1554 4744 1581 4779 τε
1600 4723 1645 4780 καλ
1664 4725 1850 4803 φυλάσσουσαν
1910 4726 1911 4755 ³

1073 4806 1119 4860 τοῦ
1134 4802 1172 4880 μή
1184 4827 1211 4863 τι
1222 4808 1274 4863 τῶν
1288 4805 1358 4866 ἔνδον
1372 4807 1536 4888 ἐξαγαγεῖνῆ
1557 4815 1609 4871 τῶν
1630 4812 1724 4881 ἔξωθεν
1742 4815 1849 4893 ἐσκαμί-
1910 4828 1911 4831 ’

247 4941 1850 4993 Ἣ
1910 5012 1911 5021 Ν

241 5034 336 5085 minum
351 5050 400 5089 σεο.
416 5040 533 5093 mathiam
552 5058 592 5108 ap.
609 5046 694 5097 θείοιο.
707 5061 731 5111 p.
745 5050 799 5110 723,
814 5049 857 5099 ubi
871 5050 1036 5104 memorabilis
1046 5054 1089 5105 illa
1108 5056 1203 5107 obsidio
1221 5058 1276 5132 suge
1289 5059 1447 5114 describitur.
1464 5062 1474 5126 ΙΙ
1487 5093 1517 5105 -
1530 5063 1544 5125 §
1559 5069 1581 5113 3.
1599 5070 1648 5121 τοῖς
1663 5067 1688 5115 ἐν
1702 5070 1783 5135 αὐτῇ]
1792 5068 1848 5120 add.
1910 5048 1911 5051 ἐ

241 5114 333 5185 margo.
346 5107 356 5169 ΙΙ
370 5108 426 5173 -§
440 5115 464 5161 6.
485 5113 629 5180 ἀμφοτέρων]
643 5115 700 5168 add.
720 5131 813 5182 margo.
828 5120 890 5171 Dein
902 5121 975 5171 αὑτοῦ
985 5135 1059 5174 manu
1077 5130 1090 5175 2
1104 5125 1168 5177 inter
1187 5140 1274 5178 νοτευε
1289 5129 1409 5181 additum.
1430 5133 1486 5196 [1-
1498 5133 1513 5198 §
1525 5136 1548 5183 7.
1561 5137 1667 5198 σημάνας
1682 5143 1708 5190 et
1722 5154 1780 5191 ιιιοε
1799 5159 1848 5205 κρο-
1910 5172 1911 5177 =

242 5190 346 5235 σημᾶναι
366 5179 422 5232 cod·
432 5182 441 5243 ΙΙ
452 5209 484 5219 -
503 5184 519 5248 §
540 5190 564 5236 8.
587 5187 711 5251 ἐπειρῶντο
729 5188 814 5255 αὐτοῦ]
828 5190 866 5241 ἐπ.
887 5191 959 5242 τάτυυ
979 5193 1034 5245 cod.
1055 5194 1147 5249 Deinde
1167 5198 1287 5257 πασάλους
1300 5201 1387 5253 codex.
1402 5203 1414 5267 [Ι
1427 5231 1457 5241 -
1469 5205 1497 5255 ἐκ
1511 5205 1610 5271 τούτου]
1622 5206 1680 5259 add.
1695 5224 1790 5280 margo.
1801 5214 1847 5277 ll·-

243 5242 257 5306 §
271 5248 295 5293 9.
308 5248 407 5313 σχεδόν]
419 5251 475 5301 add.
490 5267 524 5305 m.
538 5261 561 5306 2.
