3842 6036
140 5401 148 5417 ,
245 5357 692 5419 οοιοαιυι,111οαωοιιιιισοωωι11οο
707 5363 855 5430 rorateique
867 5369 1009 5432 prusinum
1024 5372 1058 5424 tm

251 478 311 611 ίῦθ
668 535 864 598 terruerim
885 534 1153 598 HISTORIABUM
1173 534 1245 596 LIB.
1268 534 1306 609 V,
1332 536 1436 596 iii-ta.

252 668 389 745 Ἑλλήνων
401 672 517 750 μάλιστα
532 672 557 738 ἐς
569 667 615 740 τήν
628 668 746 750 Ἀράόων
760 674 956 747 μετενεχθεῑσα,
970 667 1028 737 {ou-
1084 669 1116 749 (a)
1130 665 1235 733 Ἡσθεὶς
1249 657 1294 725 οὖν
1307 667 1378 731 πάνυ
1393 670 1431 746 τῷ
1444 667 1513 748 ἔργῳ
1528 666 1613 747 τούτῳ
1636 666 1799 746 όβασιλεθς,
1813 678 1854 729 καί

253 761 290 822 όιν
307 784 336 820 τε
347 812 350 816 .
360 759 490 838 ὁσημέραι
514 758 567 824 τοῖς
580 754 680 815 τούτων
702 754 815 833 ἡγεμόσι
836 754 882 813 καλ
898 757 1025 817 διδασκά·
1082 757 1129 827 τήν
1142 757 1234 837 σοφίαν
1242 755 1322 815 τεκαὶ
1335 755 1521 836 περίνοιαντοῦ
1532 756 1701 831 Πτολεμαίου
1709 758 1854 833 θαυμάσας,

253 849 307 915 λοις
337 840 406 929 (εἶχε
424 845 451 906 δὲ
466 849 513 906 οῦκ
535 843 637 923 ὀλίγους
651 844 712 923 περὶ
732 842 827 920 αθτόν)
843 845 888 902 καὶ
910 847 1026 915 ξυζητῶν
1085 842 1204 915 &ittet
1227 845 1273 904 καὶ
1296 849 1343 903 τοῦ
1365 845 1505 921 ἐκθεμένου
1519 850 1597 904 τοῦτο
1611 848 1714 917 καλῶς,
1736 847 1855 927 διομεῖται

187 928 191 936 ’
255 935 314 1014 ἅμα
329 938 374 995 καὶ
389 937 588 1017 ξυμφιλοσοφιῦν
599 939 686 999 αὐτοῖς
700 932 745 991 καί
757 940 811 999 τοῖς
820 936 867 1002 τῆς
877 932 1029 1012 φιλοσοφίας
1082 938 1173 991 τοῦτον
1182 931 1404 1011 πολυτρόπωςκαλ
1412 931 1566 1012 φιλοτίμως,
1577 931 1765 1009 κελεύειιδὲκαλ
1772 942 1856 992 πᾶσαν

254 1026 368 1103 δόγμασι
385 1024 557 1103 προσανέχων
581 1021 627 1081 καλ
642 1021 759 1099 μάλιστα
773 1029 826 1087 τοῖς
840 1022 893 1080 ἀπὸ
907 1026 953 1079 τοῦ
962 1024 1025 1081 ,Πε-
1084 1021 1132 1094 τήν
1153 1021 1244 1101 βίδλον
1259 1022 1304 1081 ὑπ’
1320 1024 1405 1080 αὐτῶν
1421 1021 1555 1100 άραύικῶς
1572 1023 1739 1099 ἐκδοθῆναι,ι
1753 1026 1856 1101 μισθούς

255 1113 365 1192 ριπάτου
377 1113 423 1170 καί
434 1116 480 1183 τῆς
488 1114 583 1176 Στοᾶς.
626 1112 659 1187 (st
672 1107 808 1188 Ἐντυχὼν
822 1109 849 1167 δέ
860 1132 911 1167 που
923 1110 968 1169 καί
976 1117 1028 1176 τοῖς
1083 1109 1213 1186 μεγάλους
1226 1108 1292 1188 ὑπὲρ
1306 1108 1454 1169 τούτουκαὶ
1468 1112 1539 1190 δῶρα
1555 1113 1787 1192 ἐπαγγειλάμενος.
1799 1115 1854 1175 Καί

253 1206 299 1260 τοῦ
309 1199 477 1278 Πτολεμαίου
490 1196 704 1279 διαγράμμασιν,
720 1198 747 1254 ἐν
762 1187 799 1263 οἷς
810 1199 906 1263 ἐκεῖνος
920 1201 1028 1271 ἐπιστη·
1082 1203 1165 1256 ταῦτα
1179 1196 1227 1274 μὲν
1241 1197 1335 1266 οὕτως.
1379 1200 1414 1278 (0)
1436 1199 1483 1259 Ἐν
1504 1200 1606 1268 τούτοις
1623 1224 1654 1278 γε
1669 1203 1722 1278 μήν
1738 1205 1783 1262 καὶ
1804 1206 1855 1272 τοῖς

255 1291 368 1364 μονικῶς
380 1311 409 1346 τε
422 1287 466 1345 καὶ
480 1286 627 1367 φιλοσόφως
638 1285 686 1356 τὴν
700 1293 745 1347 τοῦ
758 1286 859 1362 κόσμου
871 1286 1027 1364 περιήγησιν
1082 1286 1208 1353 τοιούτοις
1224 1287 1414 1368 ἀσχολουμένῳ
1425 1311 1454 1346 τε
1469 1289 1514 1347 καὶ
1527 1290 1687 1369 διατρίθοντι
1701 1297 1739 1369 τῷ
1753 1296 1854 1371 βασιλεῖ

218 1358 224 1365 ¹
254 1378 299 1436 καὶ
315 1377 434 1455 περίοδον
449 1384 539 1434 πᾶσαν
552 1375 693 1449 ἐκτίθεται,
708 1377 815 1451 πρῶτον
831 1373 878 1451 μὲν
892 1374 1027 1447 ήόουλήθη
1083 1374 1214 1452 διαγέγονε
1228 1372 1258 1433 τὸ
1279 1374 1353 1454 θέρος
1366 1376 1484 1436 ὅλουκαὶ
1500 1378 1530 1437 τὸ
1545 1379 1723 1460 φθινόπωρον·
1737 1381 1784 1441 καί
1798 1382 1858 1442 τού·

254 1463 566 1545 κατακεκερματισμένην
581 1455 660 1522 οθσαν
674 1462 756 1533 αὐτήν
779 1465 805 1520 ἐν
820 1467 853 1543 τῇ
878 1463 963 1542 δέλτῳ
982 1464 1028 1522 καὶ
1081 1486 1133 1522 των
1148 1462 1347 1544 παρῳχηκότων
1362 1465 1447 1544 τρίτον
1460 1465 1506 1524 καλ
1519 1466 1716 1543 έόδομηκοστθν
1729 1469 1785 1536 ἔτος
1797 1473 1860 1551 πρὸς

254 1553 480 1630 δυσδιάγνωστον,
500 1559 549 1633 μιᾷ
563 1555 615 1631 ὑφῇ
633 1552 797 1629 παραδοῦναι
815 1550 984 1629 ξυνημμένως
998 1554 1024 1610 ἐν
1082 1559 1135 1617 τοῖς
1144 1551 1302 1617 ἐννακοσίοις
1311 1574 1340 1609 τε
1353 1552 1398 1610 καί
1409 1552 1595 1634 ἑξακισχιλίοις
1605 1557 1658 1622 τοῖς
1672 1555 1743 1622 δλοις
1752 1558 1857 1637 ἠνύετο,

256 1645 294 1700 ἐνὶ
307 1643 401 1720 πέπλῳ
411 1637 456 1698 καί
468 1637 579 1712 πίνακι,
596 1638 760 1720 σαφεστέραν
774 1663 803 1698 τε
813 1631 893 1698 οὖσαν
909 1639 977 1698 otro
987 1642 1033 1701 καὶ
1082 1639 1205 1715 πέμπτον
1222 1640 1249 1697 δὲ
1264 1638 1310 1698 καί
1326 1639 1433 1699 δέκατον
1448 1646 1496 1712 τῆς
1505 1646 1594 1721 ἀρχῆς
1604 1648 1642 1723 τῷ
1659 1647 1773 1723 βασιλεῖ.

257 1728 452 1807 εὐληπτοτέραν
475 1727 679 1808 ξυμπεριλαόεῖν
696 1752 723 1787 τε
740 1727 796 1805 ἅμα
818 1732 851 1809 τῇ
869 1729 972 1812 διανοίᾳ
988 1733 1033 1790 καί
1124 1732 1174 1791 XI.
1189 1729 1268 1791 Ἐπεὶ
1278 1728 1305 1788 δέ
1316 1728 1346 1789 τδ
1357 1732 1519 1812 παρῳχηκὸς
1530 1733 1586 1800 ἔτος
1595 1733 1655 1792 δλον
1666 1737 1859 1797 διανεπαύσατσ

256 1824 399 1897 κατασχεῖν
414 1818 459 1875 καλ
470 1818 672 1894 γνῶναικαλῶς·
683 1816 729 1875 καλ
742 1816 796 1896 γάρ
811 1818 955 1893 ἀναγκαῖον
966 1809 1034 1877 ε’ίναί
1083 1818 1172 1885 καλῶς
1187 1816 1204 1876 ό
1219 1841 1248 1876 τε
1266 1816 1388 1912 βασιλεὺς
1405 1817 1483 1891 καλή
1506 1820 1626 1899 στρατιά,
1647 1826 1858 1902 παρεσκευάζετο

257 1909 280 1966 ot
296 1886 366 1973 ἔδοξέ
380 1925 432 1963 που
457 1904 488 1962 τὸ
504 1903 616 1982 μάθημα
641 1909 719 1962 τοῦτο
740 1902 786 1962 καί
812 1905 1030 1965 σπουδαιότατον.
1082 1909 1210 1984 χειμῶνος
1226 1905 1284 1983 ἅμα
1301 1913 1345 1987 ἠρι
1360 1909 1384 1975 ἐς
1406 1907 1453 1979 τήν
1468 1907 1602 1988 Ἰλλυριῶν
1618 1910 1754 1973 ἐσύαλεῖν.
1774 1914 1857 1973 Ἰλλυ-

258 1996 292 2070 (ο)
317 1991 573 2066 Μετακαλεσάμενος
588 2024 591 2027 ·
604 1982 649 2049 σ’ύν
666 1991 798 2070 Γεόιργιον
821 1993 868 2052 τὸν
894 1993 1033 2073 φιλόσοφον
1084 1997 1133 2076 prot
1147 1996 1209 2078 γὰρ,
1225 1988 1294 2078 ᾗπερ
1313 1996 1358 2057 καί
1373 1998 1484 2079 πρόσθεν
1499 1999 1616 2082 ἔφαμεν,
1632 2003 1772 2082 πρόσοικοι
1789 2005 1857 2070 ὄντες

258 2082 411 2150 ἀνατίθησιν
422 2081 494 2158 αὐτῷ
503 2078 546 2136 τὸν
560 2084 606 2138 τοῦ
616 2080 772 2157 πράγματος
781 2078 860 2140 πόνον
871 2080 913 2149 ξὺν
928 2083 1033 2151 ἀξιώσει
1083 2089 1121 2165 τῷ
1136 2084 1222 2166 Ἰονίῳ
1239 2084 1286 2144 καί
1301 2086 1349 2166 όρη
1366 2087 1469 2165 μεγάλα
1483 2091 1512 2147 ἐκ
1529 2093 1645 2151 παλαιοῦ
1668 2095 1800 2162 οἰκοῦντες
1814 2095 1858 2154 καὶ

257 2168 303 2228 καί
330 2166 467 2247 φιλοτιμία
485 2168 621 2247 βασιλικῇ.
651 2169 706 2228 Καὶ
722 2169 749 2235 δς
763 2168 920 2249 ἀναδέχεται
941 2177 1032 2230 τοῦτον
1082 2174 1254 2255 ὑπερύψηλα,
1273 2174 1319 2234 καί
1337 2176 1448 2258 φρούρια
1464 2179 1568 2258 ἔχοντες
1582 2181 1682 2257 ἐρυμνὰ
1705 2183 1753 2241 καί
1781 2186 1859 2243 δυσά-

258 2257 395 2330 ἀσμένως,
406 2257 543 2333 ὑπουργῶν
552 2255 691 2334 προθύμως
703 2260 742 2335 τῷ
753 2256 880 2335 βασιλέως
888 2265 979 2338 σκοπῷ
988 2260 1033 2317 καὶ
1083 2263 1155 2320 λωτα
1174 2261 1201 2319 ἐν
1215 2286 1242 2319 τε
1255 2269 1289 2342 τῇ
1302 2264 1426 2345 μεσογείῳ
1438 2265 1484 2325 καὶ
1499 2268 1618 2351 παραλία
1631 2269 1677 2328 καὶ
1693 2272 1790 2341 τόπους
1804 2276 1861 2332 δυσ·

257 2345 433 2418 κελεύσματι,
447 2344 492 2401 καί
504 2341 536 2415 δὴ
553 2342 622 2417 μετδι
631 2351 723 2423 χεῖρας
733 2349 763 2403 τὸ
776 2344 878 2424 βιθλίον
887 2346 977 2405 λαθὼν
988 2350 1033 2404 καὶ
1083 2348 1178 2416 θάτους
1189 2348 1236 2407 καί
1248 2349 1432 2429 ἀποκρήμνους
1446 2354 1492 2412 καλ
1506 2355 1672 2435 πανταχόθεν
1688 2360 1861 2442 ὠχυρωμένα

257 2433 287 2490 τὸ
302 2431 372 2510 θέρος
386 2428 445 2490 ὅλον
462 2428 628 2510 ίοδῑοῒρῖψας
641 2455 671 2489 το
686 2431 733 2492 καὶ
751 2432 885 2512 οχολοῖοος
902 2435 974 2514 οὖτῷ
989 2435 1034 2492 καί
1085 2460 1114 2497 τι
1139 2438 1186 2498 καί
1199 2440 1410 2519 ήσφαλισμένοι,
1427 2442 1473 2502 καὶ
1496 2444 1598 2513 τούτοις
1619 2452 1794 2527 θαρροῦντες,
1817 2456 1861 2512 αὖ·

258 2522 354 2586 ίκανῶς
368 2517 548 2596 ἐκμελετήσας
559 2542 587 2576 τε
606 2519 652 2577 καλ
670 2514 724 2592 τήν
740 2522 833 2579 τούτου
848 2527 944 2600 γνῶσιν
964 2525 1034 2580 ἀνα·
1082 2524 1188 2604 τόνομοί
1199 2551 1227 2586 τε
1241 2519 1309 2588 εἶναι
1329 2529 1468 2617 ἐθούλοντο
1482 2533 1528 2592 καὶ
1548 2534 1677 2616 ἐλεύθεροι
1691 2538 1791 2611 πάντη,
1813 2544 1858 2601 καὶ

257 2607 412 2684 λεξάμενος,
434 2607 571 2689 διέγραψεν
595 2608 689 2687 ἄριστα
705 2609 751 2668 καὶ
769 2609 1056 2686 ἐπιστημονικώτατα”
1082 2615 1140 2673 οὔτε
1163 2615 1265 2691 δασμδν
1286 2619 1390 2689 ἐτήσιον
1410 2620 1571 2681 καταύαλεῑν
1589 2622 1681 2697 ἤθελον
1699 2625 1747 2685 καί
1765 2630 1857 2703 αὐτοὶ,

256 2705 345 2754 πᾶσαν
359 2696 408 2769 τὴν
423 2700 470 2769 τῆς
484 2697 637 2773 οἰκουμένης
652 2698 771 2778 περίοδον
782 2703 813 2758 Δἐν
830 2701 867 2757 ἑνί
883 2701 1034 2780 πέπλῷκαὶ
1082 2700 1172 2782 ὥσπερ
1186 2706 1210 2763 ot
1227 2706 1302 2764 ἄλλοι
1315 2704 1422 2787 ὅμοροι,
1444 2709 1503 2768 οὔτε
1518 2715 1682 2792 στρατιώτας
1696 2716 1722 2774 ἐν
1744 2721 1803 2784 ταῖς
1819 2721 1861 2778 ἐκ·

255 2783 347 2843 πίνακι
369 2790 415 2863 γῆς
437 2786 483 2845 καλ
499 2780 633 2859 θαλάσσης
656 2789 739 2863 ὁμοῦ,
760 2789 896 2864 ποταμούς
917 2787 948 2848 τέ
962 2813 1032 2869 φημι
1081 2791 1229 2868 στρατείαις
1242 2794 1369 2875 παρέχειν
1382 2796 1441 2857 οὔτε
1454 2801 1492 2880 τῷ
1506 2802 1588 2883 πατρὶ
1605 2808 1649 2862 τοῦ
1664 2807 1795 2883 βασιλέως
1809 2807 1862 2866 οὔτ’
1880 2826 1886 2835 “

254 2872 299 2931 καὶ
312 2870 407 2950 λίμνας
420 2875 466 2934 καὶ
480 2874 574 2947 νήσους
588 2875 633 2934 καλ
654 2874 702 2953 δρη
722 2875 768 2934 καὶ
781 2876 870 2943 πόλεις
884 2878 930 2935 καὶ
942 2875 1030 2938 πάντα
1084 2883 1156 2961 αὐτῷ
1169 2884 1208 2963 τῷ
1223 2884 1337 2963 βασιλεῖ,
1349 2884 1404 2943 οὔθ’
1417 2886 1483 2954 θ’λως
1492 2892 1649 2950 κατακούειν
1661 2894 1757 2952 αὐτοῦ·
1773 2894 1820 2954 καὶ
1835 2899 1862 2953 02',

251 2957 341 3024 ἅπλῶς
356 2957 488 3038 παραδοὺς
509 2961 535 3017 ἐν
551 2959 634 3039 τούτῳ
650 2959 695 3018 καλ
706 2960 816 3027 κανόνας
829 2961 875 3021 καλ
887 2965 971 3041 μέτρα
982 2965 1027 3023 καί
1083 2973 1160 3027 τοῦτο
1185 2970 1277 3047 μόνον,
1306 2971 1367 3030 ἀλλ’
1386 2972 1425 3032 δτι
1447 2974 1492 3035 καὶ
1508 2978 1636 3047 πολλάκις
1661 2982 1796 3052 ἐκθέοντες
1816 2989 1862 3055 τῆς

251 3045 409 3114 ἀποστάσεις
423 3047 468 3105 καὶ
483 3038 567 3107 xiiio
581 3049 668 3107 πάντα
685 3048 780 3108 εἰδέναι
791 3053 895 3129 καλῶς,
908 3051 953 3110 καλ
968 3077 1020 3112 πα·
1086 3060 1170 3116 αὑτῶν
1186 3058 1254 3136 μετὰ
1269 3066 1314 3119 τοῦ
1339 3066 1411 3143 σφῶν
1433 3064 1558 3141 ἡγεμόνος
1573 3068 1668 3141 ἀνέδην
1687 3071 1758 3130 οὕτω
1782 3073 1860 3132 κατέ.

252 3133 376 3210 ραδίδωσι
395 3136 498 3213 βασιλεῖ
518 3136 678 3213 σπούδασμά
698 3161 726 3195 τε
751 3136 797 3195 καί
821 3139 933 3216 μάθημα
953 3140 1023 3200 πάνυ
1082 3167 1176 3225 τρεχον
1199 3143 1245 3218 τήν
1270 3148 1365 3228 ὅμορόν
1385 3174 1458 3231 σφισι
1477 3158 1522 3211 τοῦ
1545 3157 1675 3233 βασιλέως
1694 3160 1788 3238 χώραν
1815 3161 1858 3220 καὶ

251 3222 392 3300 ἀναγκαῖον
407 3222 451 3302 καλ
466 3223 597 3301 χρήσιμον
618 3233 671 3290 τοῖς
691 3225 841 3293 σπουδαίοις
855 3250 884 3285 τε
904 3227 961 3304 epa
977 3231 1023 3288 orori
1082 3234 1223 3303 ἐληίζοντο.
1267 3235 1298 3316 (a)
1312 3236 1508 3319 Ἐστράτευσαν
1523 3242 1570 3319 μέν
1581 3236 1625 3303 οὖν
1640 3247 1684 3306 ἐπὶ
1695 3248 1805 3319 τούτους
1815 3249 1859 3310 καὶ

251 3308 397 3384 φιλοπόνως
408 3308 454 3367 καὶ
468 3311 629 3389 φιλοκάλοις.
675 3312 874 3388 (7),Ἔκτίθεται
886 3314 913 3372 δέ
927 3315 973 3375 καί
988 3317 1021 3375 τδι
1078 3322 1190 3398 πρόσθεν
1204 3325 1219 3383 δ
1237 3347 1266 3383 τε
1289 3328 1411 3405 βασιλεὺς
1431 3328 1477 3388 καί
1495 3333 1509 3388 δ
1528 3331 1621 3391 τούτου
1636 3335 1727 3416 πατὴρ
1747 3340 1802 3418 πρὸ
1817 3342 1859 3399 αὖ.

250 3392 367 3469 δνόματα
382 3398 434 3453 τῶν
448 3402 543 3477 χωρῶν
555 3398 600 3461 καί
615 3398 702 3459 τόπων
717 3399 763 3457 καλ
775 3401 876 3461 πόλεων
889 3403 1022 3481 ἀραύικῦις
1077 3415 1138 3483 τοῦ,
1148 3411 1195 3469 καλ
1213 3413 1378 3492 κατέδραμον
1390 3417 1438 3489 τήν
1451 3422 1538 3478 αὐτῶν
1557 3430 1646 3482 πᾶσαν
1659 3425 1706 3484 καί
1721 3429 1862 3500 ἐληίσαντο

250 3482 277 3542 θ’
292 3487 329 3561 τῷ
342 3482 441 3557 πίθδκῑν
454 3486 620 3565 Χρηοοῖμονοο
637 3489 748 3564 ippum?
767 3490 806 3568 τῷ
821 3490 938 3571 σφετέρῳ
957 3495 1021 3569 etet,
1079 3498 1125 3558 καὶ
1145 3500 1305 3583 διέφθειραν,
1323 3505 1368 3565 καὶ
1390 3509 1500 3588 φρούρια
1522 3510 1616 3579 ἐξεῖλον
1633 3514 1680 3573 καί
1699 3519 1859 3597 βοσκήματα

250 3572 337 3637 καλῶς
362 3573 504 3652 ἠσκημένῳ
529 3571 576 3644 τὴν
596 3572 715 3653 Ἄθάὸων
742 3599 771 3634 ³⁸
795 3577 841 3636 καὶ
870 3576 1019 3653 Ἑλλήνων.
1080 3588 1167 3646 πολλὰ
1177 3588 1380 3672 καλάνδράποδα
1389 3594 1561 3659 καίλείανθτι
1570 3601 1698 3677 πλείστην
1707 3607 1862 3687 ἀπήγαγον·

250 3736 354 3796 dictatu
369 3740 463 3789 ueteris
474 3737 588 3790 iiuoriae
604 3742 780 3804 coemtionem
792 3741 888 3796 bebere
902 3747 994 3798 uolut.
1005 3750 1015 3811 Ι]
1028 3781 1059 3793 -
1073 3752 1192 3819 Ἇράοων]
1203 3757 1263 3821 'App
1285 3759 1341 3809 cod.
1363 3761 1387 3810 ir.
1402 3762 1418 3811 1.
1431 3765 1458 3814 et
1469 3764 1495 3814 in
1516 3779 1570 3831 sqq.
1589 3767 1599 3832 ΙΙ
1616 3796 1648 3806 -
1657 3772 1726 3836 εἶχε]
1739 3776 1792 3839 ἔχει
1803 3776 1857 3826 ωςι,

251 3808 262 3872 Ι]
280 3806 335 3871 -§
353 3814 375 3858 5.
395 3809 524 3874 ἐκτίθεται]
546 3824 640 3875 margo,
659 3813 768 3877 διέγραψε
780 3816 843 3866 text.
862 3815 872 3880 ΙΙ
890 3843 921 3856 ·-
935 3819 1022 3885 δέλτῳ]
1036 3836 1102 3886 urge,
1123 3824 1198 3889 βὶθλῳ
1218 3830 1280 3877 text.
1301 3827 1352 3893 ΙΙ-
1367 3832 1382 3895 §
1395 3841 1419 3884 a.
1430 3836 1561 3902 Γεώργιον]
1582 3841 1620 3891 Oi.
1635 3841 1677 3893 lio.
1690 3846 1714 3903 4,
1728 3848 1755 3905 9,
1767 3850 1791 3896 2.
1807 3848 1861 3911 Ι]-

248 3880 263 3942 §
283 3885 306 3929 9.
326 3895 353 3940 γε
372 3879 433 3944 μὴν]
446 3893 510 3944 ruge,
521 3882 546 3931 δὲ
560 3884 620 3932 text.
643 3882 654 3946 ΙΙ
667 3909 699 3919 -
710 3885 904 3952 παρῳχηκότων]
916 3903 981 3952 mgu,
994 3891 1128 3942 διελθόντων
1140 3897 1203 3947 text.
1221 3898 1230 3960 ΙΙ
1245 3925 1274 3934 -
1283 3899 1375 3966 τρίτον]
1389 3903 1467 3955 literre
1484 3908 1520 3970 τρί
1532 3907 1556 3957 iu
1570 3922 1667 3964 rasura,

280 3952 323 4000 111.
341 3953 379 4000 De
398 3951 477 4013 priore
488 3955 573 4002 contra
586 3953 693 4004 albanos
707 3955 771 4007 bello
781 3957 839 4009 vide
855 3959 898 4009 tib.
913 3965 927 4008 3
965 3974 1018 4025 cap.
1034 3968 1070 4013 10.
1084 3967 1121 4015 De
1130 3966 1208 4018 altero
1219 3971 1286 4032 quod
1297 3971 1322 4020 iu
1333 3987 1386 4037 sqq.
1404 3980 1527 4041 narratur,
1537 3980 1652 4035 uberiora
1663 3987 1690 4036 et
1698 3991 1855 4043 accuratiora

249 4019 341 4082 praebet
354 4022 475 4072 Barletius
490 4025 707 4087 Descenderbept
722 4029 776 4077 otto
785 4032 812 4078 et
822 4032 913 4093 pestis,
925 4029 967 4080 lib.
979 4035 1020 4081 xi.
1032 4034 1071 4084 ci.
1085 4035 1212 4089 ziukoisea
1226 4048 1250 4100 a,
1268 4054 1292 4104 p.
1303 4048 1349 4093 390
1364 4058 1419 4108 sqq.
1432 4074 1464 4086 -
1479 4051 1558 4107 Quam
1570 4067 1634 4105 anuo
1657 4060 1713 4106 1401
1734 4060 1858 4113 sandes.

248 4086 325 4151 begus
341 4102 426 4151 pacem
443 4092 546 4152 inierat,
559 4108 615 4144 eam
632 4096 699 4158 rupit
715 4096 813 4151 ineunte
830 4113 893 4151 anno
910 4105 978 4162 1460,
991 4117 1041 4166 quo
1055 4104 1162 4158 vicinam
1176 4112 1313 4163 Turcorum
1322 4113 1441 4167 ditionem
1453 4122 1643 4189 vastarecmpit.
1659 4130 1742 4185 Quare
1756 4132 1857 4184 bische-

247 4159 327 4207 metes
342 4163 427 4210 contra
440 4161 547 4212 Albanos
565 4164 612 4214 sub
631 4163 825 4233 Soteremetbeo
843 4171 907 4221 duce
918 4174 1070 4224 excercitum
1087 4176 1166 4237 misit.
1181 4181 1224 4242 qui
1240 4195 1316 4246 prope
1338 4186 1472 4239 Acbridam
1491 4194 1573 4256 strage
1588 4194 1689 4247 immani
1712 4202 1858 4267 pmtligitur,

247 4227 327 4278 Atium
339 4228 425 4279 deinde
439 4232 573 4282 exercitum
586 4234 690 4288 adduxit
709 4241 833 4291 Butades
844 4243 951 4293 Badera
965 4245 973 4308 (
980 4246 1188 4313 Putupunusup.
1200 4255 1326 4304 orttobul.
1338 4254 1360 4317 ),
1377 4259 1419 4320 qui
1439 4260 1519 4323 primu
1531 4267 1617 4326 proelio
1630 4269 1745 4333 superior
1756 4277 1855 4338 evasit,

248 4297 326 4348 alteru
340 4302 364 4350 et
376 4301 448 4350 tertio
461 4302 544 4351 rictus
555 4306 594 4355 est
612 4305 714 4371 (1465).
732 4310 839 4361 Eandem
854 4315 947 4363 sortem
960 4313 992 4362 ad
1010 4318 1090 4366 Bere!
1102 4318 1189 4369 urbem
1209 4324 1370 4387 experiuntur
1388 4330 1466 4393 copice
1479 4333 1626 4397 auxiliares,
1641 4326 1733 4402 quibus
1746 4345 1859 4399 lacobus

248 4371 360 4432 μτωοεαι.
374 4371 433 4420 Post
447 4372 501 4420 tuuc
520 4372 573 4435 ipsu
591 4376 756 4428 Mechemetes
770 4383 874 4438 (estate
894 4396 935 4433 an.
962 4387 1037 4446 tice)
1051 4400 1108 4436 cum
1127 4392 1236 4442 exercitu
1256 4401 1360 4457 200,000
1378 4398 1520 4464 bominum,
1540 4419 1615 4469 quem
1635 4409 1716 4462 bieme
1732 4425 1777 4467 an.
1799 4421 1858 4470 1465
1911 4410 1915 4419 '

247 4440 390 4503 collegerat,
412 4440 437 4489 in
453 4440 580 4493 Albaniam
597 4444 686 4509 irrupit
703 4451 729 4496 et
743 4449 840 4513 Grojam
856 4452 942 4503 urbem
955 4454 1145 4509 munitissimam
1158 4460 1286 4516 obsidione
1299 4467 1383 4518 cinxit.
1405 4473 1489 4528 Quum
1508 4488 1568 4527 veru
1580 4479 1640 4529 nibil
1659 4481 1858 4544 proficereteta

245 4509 427 4575 maierbego,
443 4510 523 4575 quiin
536 4513 673 4579 propinquo
682 4520 763 4567 castra
779 4519 873 4568 muuita
887 4522 1011 4587 babebat,
1023 4527 1174 4590 gravissimis
1189 4530 1287 4587 demnis
1306 4537 1463 4604 afficeretur,
1478 4547 1596 4610 majorem
1618 4552 1740 4603 exercitus

246 4582 359 4643 obduxit,
372 4587 499 4634 exotmctu
517 4585 646 4636 Elbessos
666 4588 767 4638 castello
787 4592 813 4639 et
837 4589 922 4642 relicto
937 4606 995 4645 cum
1012 4598 1101 4656 80000
1117 4599 1224 4652 miiitum
1243 4606 1381 4668 Baiadauo,
1401 4611 1444 4674 qui
1468 4614 1533 4665 same
1550 4618 1637 4669 urbem
1649 4619 1682 4669 ad
1700 4621 1857 4680 deditionem

160 4654 163 4659 “
246 4651 362 4717 adigeret.
382 4654 446 4704 Huic
462 4655 534 4705 tuuis
555 4655 636 4707 trater
655 4658 747 4709 auxilia
764 4659 886 4711 adducere
900 4663 996 4727 voluit,
1015 4668 1041 4716 at
1061 4671 1183 4721 nocturno
1203 4675 1297 4738 impetu
1317 4678 1395 4742 copiae
1407 4681 1461 4743 ejus
1473 4698 1557 4736 omues
1576 4689 1743 4742 trucidantur.
1767 4698 1857 4750 Peneis

244 4721 334 4774 diebus
345 4729 401 4789 post
409 4725 548 4776 Baiadauus
559 4728 590 4777 ad
601 4728 698 4791 (troiam
711 4730 826 4794 proeiiens
837 4732 936 4783 cecidit.
948 4738 1003 4793 Quo
1012 4749 1072 4787 casu
1092 4742 1167 4791 Turci
1183 4745 1276 4795 turbati
1293 4747 1446 4802 obsidionem
1459 4754 1573 4817 solvunt,
1589 4762 1614 4810 et
1627 4760 1653 4809 in
1671 4760 1758 4827 fugam
1781 4769 1859 4820 effusi

247 4793 417 4845 Macedoniam
431 4801 554 4859 repetunt.
574 4794 691 4862 Sequenti
712 4814 776 4850 anno
796 4805 853 4851 1407
873 4803 955 4855 deuuo
980 4808 1147 4869 Meciremetes
1162 4813 1186 4862 iu
1209 4814 1337 4867 Albaniam
1353 4819 1457 4881 inuasit.
1475 4823 1519 4873 sed
1538 4826 1628 4878 itemm
1646 4842 1674 4880 re
1690 4832 1787 4887 intecta
1805 4839 1855 4889 dis.

245 4865 327 4915 cessit.
338 4880 370 4903 ··²
381 4868 471 4917 Paucis
492 4866 524 4917 de
540 4867 587 4919 bis'
595 4870 694 4933 exponit
708 4872 840 4922 Plrrautzes
854 4886 877 4936 p.
894 4878 948 4933 425,
971 4882 998 4925 12
1016 4898 1023 4926 ι
1043 4880 1100 4928 Καθ’
1119 4878 1146 4930 ὃν
1158 4879 1184 4932 bi
1197 4888 1278 4949 καιρὸν
1293 4890 1358 4950 ἡμεῖς
1376 4891 1408 4947 εἰς
1425 4892 1455 4940 τὰ
1470 4895 1521 4959 opp}
1535 4897 1578 4956 τὴν
1589 4899 1687 4963 ‘Potum
1701 4902 1852 4972 ponpam„

249 4934 359 4995 (meuse.
381 4937 448 4987 Junii
460 4939 486 4988 et
499 4938 641 5000 00110074,
658 4943 746 5003 1406),
757 4946 771 4992 θ
782 4948 829 4992 τῶν
841 4942 933 4993 ἀοιδῶν
946 4946 1048 5011 ἐξάρχων
1060 4950 1149 5013 ἀμηρας
1164 4954 1236 5004 ἐλθὼν
1248 4958 1309 5006 κατὰ
1321 4965 1362 5018 τῆς
1376 4959 1515 5021 ’λλόανιτίας
1526 4971 1566 5016 καὶ
1585 4970 1669 5027 διώξας
1682 4975 1724 5022 τὸν
1740 4979 1855 5040 αὐθέντην

248 5005 319 5065 αὐτῆς
330 5022 355 5055 τι
370 5009 520 5072 Σκαντέρινο,
537 5011 576 5059 καὶ
590 5010 766 5074 αἰχμαλωτίσας
785 5017 824 5064 καὶ
837 5014 952 5078 ἀφανίσας
972 5019 1013 5067 τὸν
1035 5019 1122 5085 τόπον,
1135 5024 1175 5073 καὶ
1194 5027 1276 5084 κτίσας
1288 5029 1347 5078 άστιι
1365 5031 1465 5091 πλησίον
1477 5041 1519 5085 τοῦ
1538 5040 1665 5091 καθολικοῦ
1681 5046 1767 5105 durio<
1782 5050 1853 5109 αὐτῆς

246 5073 337 5138 Κροῦας
354 5078 540 5141 ὀνομαζομένου,
561 5082 618 5142 πρὸς
636 5083 663 5130 τὸ
677 5082 844 5146 ἀναμάχεσθαι
859 5085 936 5147 αὐτῷ,
955 5088 1123 5155 ἐπανέστρεψαν
1138 5096 1170 5150 τίς
1184 5096 1214 5144 τὰ
1228 5102 1280 5161 περὶ
1302 5101 1344 5159 τὴν
1357 5106 1613 5159 Κωνσςανςςνηύπολςφ,
1635 5113 1674 5163 Ad
1691 5116 1853 5171 (mmmm

245 5145 346 5210 propius
361 5148 455 5198 accedit
470 5145 638 5201 Scadeddinus
648 5163 673 5215 p.
689 5154 732 5202 130
752 5166 800 5217 sap,
820 5155 957 5206 secuudum
967 5171 1041 5221 quem
1053 5162 1218 5216 Mechemetes
1229 5180 1288 5219 rere
1305 5183 1346 5221 au.
1363 5176 1406 5223 871
1428 5174 1523 5239 Ηομίιω
1539 5178 1624 5244 (lieo)
1645 5196 1703 5236 cum
1724 5192 1851 5254 exercitu,

246 5227 321 5276 quem
335 5216 367 5265 ad
379 5220 517 5268 Μουσέων
529 5222 660 5272 convenire
674 5222 798 5284 iusserat,
812 5225 940 5288 protectus
955 5230 1077 5291 Albanos,
1090 5232 1132 5296 qut
1144 5237 1266 5289 tributum
1279 5241 1376 5293 solvere
1395 5253 1540 5298 recusaraut
1555 5264 1692 5317 pacemque
1711 5259 1848 5323 riciaraut,

245 5285 343 5349 penitus
354 5286 450 5351 subegit
460 5292 486 5338 et
494 5288 613 5342 immensa
624 5293 707 5355 prreda
717 5297 822 5345 onustus
835 5295 1016 5363 Adriauopoiim
1026 5303 1112 5365 rediit,
1133 5312 1281 5375 postquam,
1295 5315 1324 5364 ut
1336 5316 1481 5369 rebellantes
1492 5318 1517 5369 in
1527 5327 1656 5385 postorum
1672 5328 1770 5384 facibus
1780 5348 1854 5388 coer·

1060 5383 1203 5444 posueratu
1216 5407 1247 5417 —
1256 5384 1347 5451 ἀνέδην]
1359 5387 1454 5449 &votem
1474 5391 1540 5455 curie
1555 5408 1604 5447 οια
1622 5399 1803 5471 Ρααιισλοσι]
1822 5435 1848 5454 -s
