<?xml version="1.0" encoding="UTF-8"?>
<!DOCTYPE html PUBLIC "-//W3C//DTD XHTML 1.0 Transitional//EN"
    "http://www.w3.org/TR/xhtml1/DTD/xhtml1-transitional.dtd">
<html xmlns="http://www.w3.org/1999/xhtml" xml:lang="en" lang="en">
 <head>
  <title>
</title>
<meta http-equiv="Content-Type" content="text/html;charset=utf-8" />
  <meta name='ocr-system' content='tesseract 3.04.00' />
  <meta name='ocr-capabilities' content='ocr_page ocr_carea ocr_par ocr_line ocrx_word'/>
</head>
<body>
  <div class='ocr_page' id='page_1' title='image "./fragmentahistor00jeagoog_0018.png"; bbox 0 0 3890 6044; ppageno 0'>
   <div class='ocr_carea' id='block_1_1' title="bbox 663 383 1781 460">
    <p class='ocr_par' dir='ltr' id='par_1_1' title="bbox 663 383 1781 460">
     <span class='ocr_line' id='line_1_1' title="bbox 663 383 1781 460; baseline -0.02 -12"><span class='ocrx_word' id='word_1_1' title='bbox 663 383 715 448; x_wconf 82' lang='lat' dir='ltr'>un</span> <span class='ocrx_word' id='word_1_2' title='bbox 736 385 870 446; x_wconf 82' lang='lat' dir='ltr'>contus</span> <span class='ocrx_word' id='word_1_3' title='bbox 891 385 1112 447; x_wconf 77' lang='lat' dir='ltr'>ranisrsusr.</span> <span class='ocrx_word' id='word_1_4' title='bbox 1368 426 1373 437; x_wconf 89' lang='lat'>.</span> <span class='ocrx_word' id='word_1_5' title='bbox 1657 391 1690 460; x_wconf 65' lang='grc' dir='ltr'>γ,</span> <span class='ocrx_word' id='word_1_6' title='bbox 1776 416 1781 426; x_wconf 78' lang='grc'><strong>.</strong></span> 
     </span>
    </p>
   </div>
   <div class='ocr_carea' id='block_1_2' title="bbox 95 500 1688 595">
    <p class='ocr_par' dir='ltr' id='par_1_2' title="bbox 95 500 1688 595">
     <span class='ocr_line' id='line_1_2' title="bbox 95 500 1688 595; baseline 0.004 -13"><span class='ocrx_word' id='word_1_7' title='bbox 95 541 197 582; x_wconf 81' lang='lat' dir='ltr'>necnon</span> <span class='ocrx_word' id='word_1_8' title='bbox 213 522 315 582; x_wconf 85' lang='lat' dir='ltr'>nostri</span> <span class='ocrx_word' id='word_1_9' title='bbox 331 518 482 588; x_wconf 89' lang='lat' dir='ltr'>Parisiui,</span> <span class='ocrx_word' id='word_1_10' title='bbox 504 518 555 595; x_wconf 90' lang='lat' dir='ltr'>qui</span> <span class='ocrx_word' id='word_1_11' title='bbox 574 517 689 577; x_wconf 90' lang='lat' dir='ltr'>medius</span> <span class='ocrx_word' id='word_1_12' title='bbox 706 520 751 576; x_wconf 82' lang='lat' dir='ltr'>e&#39;st</span> <span class='ocrx_word' id='word_1_13' title='bbox 771 517 848 576; x_wconf 92' lang='lat' dir='ltr'>inter</span> <span class='ocrx_word' id='word_1_14' title='bbox 860 518 935 576; x_wconf 90' lang='lat' dir='ltr'>alios</span> <span class='ocrx_word' id='word_1_15' title='bbox 949 517 1040 589; x_wconf 88' lang='lat' dir='ltr'>duos,</span> <span class='ocrx_word' id='word_1_16' title='bbox 1053 536 1160 594; x_wconf 84' lang='lat' dir='ltr'>quoae</span> <span class='ocrx_word' id='word_1_17' title='bbox 1181 517 1365 579; x_wconf 79' lang='lat' dir='ltr'>collectaneis</span> <span class='ocrx_word' id='word_1_18' title='bbox 1386 500 1636 586; x_wconf 82' lang='lat' dir='ltr'>Constantinianis</span> <span class='ocrx_word' id='word_1_19' title='bbox 1658 543 1688 590; x_wconf 89' lang='lat' dir='ltr'>et</span> 
     </span>
    </p>
   </div>
   <div class='ocr_carea' id='block_1_3' title="bbox 13 613 1686 891">
    <p class='ocr_par' dir='ltr' id='par_1_3' title="bbox 13 613 1686 891">
     <span class='ocr_line' id='line_1_3' title="bbox 13 613 1383 694; baseline -0.004 -13"><span class='ocrx_word' id='word_1_20' title='bbox 13 614 15 631; x_wconf 48' lang='lat'><em>³</em></span> <span class='ocrx_word' id='word_1_21' title='bbox 95 620 261 681; x_wconf 70' lang='lat' dir='ltr'>bibliothecae</span> <span class='ocrx_word' id='word_1_22' title='bbox 273 615 613 694; x_wconf 77' lang='lat' dir='ltr'>Constantinopolitanae</span> <span class='ocrx_word' id='word_1_23' title='bbox 625 613 777 674; x_wconf 81' lang='lat' dir='ltr'><strong>codicibus</strong></span> <span class='ocrx_word' id='word_1_24' title='bbox 793 614 939 693; x_wconf 80' lang='lat' dir='ltr'>profectos</span> <span class='ocrx_word' id='word_1_25' title='bbox 952 633 1012 672; x_wconf 88' lang='lat' dir='ltr'>esse</span> <span class='ocrx_word' id='word_1_26' title='bbox 1025 614 1275 674; x_wconf 85' lang='lat' dir='ltr'>verisimillimum</span> <span class='ocrx_word' id='word_1_27' title='bbox 1290 630 1345 677; x_wconf 89' lang='lat' dir='ltr'>est.</span> <span class='ocrx_word' id='word_1_28' title='bbox 1377 652 1383 661; x_wconf 89' lang='lat'>·</span> 
     </span>
     <span class='ocr_line' id='line_1_4' title="bbox 13 709 1685 793; baseline 0.002 -16"><span class='ocrx_word' id='word_1_29' title='bbox 13 748 15 777; x_wconf 78' lang='grc' dir='ltr'>ν</span> <span class='ocrx_word' id='word_1_30' title='bbox 125 716 154 775; x_wconf 92' lang='lat' dir='ltr'>ln</span> <span class='ocrx_word' id='word_1_31' title='bbox 167 716 237 775; x_wconf 88' lang='lat' dir='ltr'>lolio</span> <span class='ocrx_word' id='word_1_32' title='bbox 252 717 304 788; x_wconf 86' lang='grc' dir='ltr'>8ι,</span> <span class='ocrx_word' id='word_1_33' title='bbox 319 713 410 774; x_wconf 90' lang='lat' dir='ltr'>nullo</span> <span class='ocrx_word' id='word_1_34' title='bbox 425 714 575 793; x_wconf 79' lang='lat' dir='ltr'>praemisso</span> <span class='ocrx_word' id='word_1_35' title='bbox 595 713 698 788; x_wconf 86' lang='lat' dir='ltr'>titulo,</span> <span class='ocrx_word' id='word_1_36' title='bbox 714 714 832 772; x_wconf 87' lang='lat' dir='ltr'>initium</span> <span class='ocrx_word' id='word_1_37' title='bbox 851 715 919 773; x_wconf 85' lang='lat' dir='ltr'>vitae</span> <span class='ocrx_word' id='word_1_38' title='bbox 941 711 1092 790; x_wconf 73' lang='lat' dir='ltr'>Apollonii</span> <span class='ocrx_word' id='word_1_39' title='bbox 1107 709 1271 788; x_wconf 89' lang='lat' dir='ltr'>Tyanensis</span> <span class='ocrx_word' id='word_1_40' title='bbox 1288 725 1381 771; x_wconf 83' lang='lat' dir='ltr'>exstat</span> <span class='ocrx_word' id='word_1_41' title='bbox 1393 715 1462 774; x_wconf 93' lang='lat' dir='ltr'>inde</span> <span class='ocrx_word' id='word_1_42' title='bbox 1480 716 1612 779; x_wconf 84' lang='lat' dir='ltr'>averhis</span> <span class='ocrx_word' id='word_1_43' title='bbox 1628 741 1635 778; x_wconf 76' lang='grc' dir='ltr'><strong>ε</strong></span> <span class='ocrx_word' id='word_1_44' title='bbox 1649 724 1685 782; x_wconf 83' lang='lat' dir='ltr'>Oi</span> 
     </span>
     <span class='ocr_line' id='line_1_5' title="bbox 13 790 1686 891; baseline 0.002 -17"><span class='ocrx_word' id='word_1_45' title='bbox 13 790 15 839; x_wconf 47' lang='grc' dir='ltr'>ς</span> <span class='ocrx_word' id='word_1_46' title='bbox 96 814 131 874; x_wconf 77' lang='grc' dir='ltr'>τὶν</span> <span class='ocrx_word' id='word_1_47' title='bbox 143 812 240 889; x_wconf 67' lang='grc' dir='ltr'>Σίγνιον</span> <span class='ocrx_word' id='word_1_48' title='bbox 253 809 420 890; x_wconf 69' lang='grc' dir='ltr'>Πυθαγόραν</span> <span class='ocrx_word' id='word_1_49' title='bbox 432 811 596 878; x_wconf 59' lang='lat' dir='ltr'>incessisse(</span> <span class='ocrx_word' id='word_1_50' title='bbox 615 811 758 888; x_wconf 88' lang='lat' dir='ltr'>usquead</span> <span class='ocrx_word' id='word_1_51' title='bbox 774 810 864 869; x_wconf 83' lang='lat' dir='ltr'>verba</span> <span class='ocrx_word' id='word_1_52' title='bbox 879 831 887 868; x_wconf 72' lang='grc' dir='ltr'><strong>ε</strong></span> <span class='ocrx_word' id='word_1_53' title='bbox 900 806 1052 885; x_wconf 73' lang='grc' dir='ltr'>ἀποδημίας</span> <span class='ocrx_word' id='word_1_54' title='bbox 1066 809 1088 864; x_wconf 87' lang='grc' dir='ltr'>τ’</span> <span class='ocrx_word' id='word_1_55' title='bbox 1104 808 1182 866; x_wconf 75' lang='grc' dir='ltr'>αὐτοῦ</span> <span class='ocrx_word' id='word_1_56' title='bbox 1200 808 1393 891; x_wconf 77' lang='grc' dir='ltr'>ἀναγέγραφεν,</span> <span class='ocrx_word' id='word_1_57' title='bbox 1404 803 1440 871; x_wconf 72' lang='grc' dir='ltr'>ὧν</span> <span class='ocrx_word' id='word_1_58' title='bbox 1462 820 1620 888; x_wconf 77' lang='grc' dir='ltr'>κοινωνῆσαι</span> <span class='ocrx_word' id='word_1_59' title='bbox 1640 819 1686 876; x_wconf 82' lang='grc' dir='ltr'>καὶ</span> 
     </span>
    </p>
   </div>
   <div class='ocr_carea' id='block_1_4' title="bbox 98 904 1687 989">
    <p class='ocr_par' dir='ltr' id='par_1_4' title="bbox 98 904 1687 989">
     <span class='ocr_line' id='line_1_6' title="bbox 98 904 1687 989; baseline 0.006 -24"><span class='ocrx_word' id='word_1_60' title='bbox 98 908 161 975; x_wconf 66' lang='grc' dir='ltr'>οὗτός</span> <span class='ocrx_word' id='word_1_61' title='bbox 173 930 234 989; x_wconf 79' lang='grc' dir='ltr'>φησι</span> <span class='ocrx_word' id='word_1_62' title='bbox 246 910 286 986; x_wconf 83' lang='lat' dir='ltr'>(p.</span> <span class='ocrx_word' id='word_1_63' title='bbox 302 929 331 980; x_wconf 86' lang='lat' dir='ltr'>r,</span> <span class='ocrx_word' id='word_1_64' title='bbox 349 929 363 966; x_wconf 90' lang='lat'>1</span> <span class='ocrx_word' id='word_1_65' title='bbox 376 939 419 953; x_wconf 92' lang='lat'><em>-</em></span> <span class='ocrx_word' id='word_1_66' title='bbox 430 928 460 986; x_wconf 88' lang='lat' dir='ltr'>p.</span> <span class='ocrx_word' id='word_1_67' title='bbox 472 929 505 980; x_wconf 83' lang='lat' dir='ltr'>a,</span> <span class='ocrx_word' id='word_1_68' title='bbox 515 908 552 966; x_wconf 82' lang='grc'>35</span> <span class='ocrx_word' id='word_1_69' title='bbox 565 907 611 968; x_wconf 86' lang='lat' dir='ltr'>ed.</span> <span class='ocrx_word' id='word_1_70' title='bbox 626 907 720 984; x_wconf 83' lang='lat' dir='ltr'>Did).</span> <span class='ocrx_word' id='word_1_71' title='bbox 736 908 803 966; x_wconf 86' lang='lat' dir='ltr'>llaec</span> <span class='ocrx_word' id='word_1_72' title='bbox 817 908 909 983; x_wconf 77' lang='lat' dir='ltr'>igitur</span> <span class='ocrx_word' id='word_1_73' title='bbox 919 905 1045 984; x_wconf 90' lang='lat' dir='ltr'>primum</span> <span class='ocrx_word' id='word_1_74' title='bbox 1056 908 1101 962; x_wconf 81' lang='grc' dir='ltr'>τοῦ</span> <span class='ocrx_word' id='word_1_75' title='bbox 1112 904 1260 984; x_wconf 73' lang='grc' dir='ltr'>ἀρχετύπου</span> <span class='ocrx_word' id='word_1_76' title='bbox 1272 906 1375 966; x_wconf 87' lang='lat' dir='ltr'>solium</span> <span class='ocrx_word' id='word_1_77' title='bbox 1389 909 1559 987; x_wconf 81' lang='lat' dir='ltr'>implebant.</span> <span class='ocrx_word' id='word_1_78' title='bbox 1574 914 1687 974; x_wconf 84' lang='lat' dir='ltr'>Deinde</span> 
     </span>
    </p>
   </div>
   <div class='ocr_carea' id='block_1_5' title="bbox 14 1000 1685 1088">
    <p class='ocr_par' dir='ltr' id='par_1_5' title="bbox 14 1000 1685 1088">
     <span class='ocr_line' id='line_1_7' title="bbox 14 1000 1685 1088; baseline 0.004 -24"><span class='ocrx_word' id='word_1_79' title='bbox 14 1020 15 1025; x_wconf 74' lang='grc'>’</span> <span class='ocrx_word' id='word_1_80' title='bbox 98 1009 157 1069; x_wconf 80' lang='lat' dir='ltr'>istst</span> <span class='ocrx_word' id='word_1_81' title='bbox 170 1018 301 1085; x_wconf 71' lang='lat' dir='ltr'>quadum</span> <span class='ocrx_word' id='word_1_82' title='bbox 318 1005 458 1064; x_wconf 79' lang='lat' dir='ltr'>foliorum</span> <span class='ocrx_word' id='word_1_83' title='bbox 473 1005 576 1064; x_wconf 87' lang='lat' dir='ltr'>lacuna</span> <span class='ocrx_word' id='word_1_84' title='bbox 591 1004 629 1084; x_wconf 85' lang='lat' dir='ltr'>(p.</span> <span class='ocrx_word' id='word_1_85' title='bbox 642 1025 671 1076; x_wconf 82' lang='grc' dir='ltr'>ο,</span> <span class='ocrx_word' id='word_1_86' title='bbox 686 1003 723 1064; x_wconf 84' lang='grc'>35</span> <span class='ocrx_word' id='word_1_87' title='bbox 736 1038 773 1049; x_wconf 93' lang='grc'>-</span> <span class='ocrx_word' id='word_1_88' title='bbox 785 1023 816 1080; x_wconf 89' lang='lat' dir='ltr'>p.</span> <span class='ocrx_word' id='word_1_89' title='bbox 830 1004 858 1076; x_wconf 95' lang='grc'>8,</span> <span class='ocrx_word' id='word_1_90' title='bbox 874 1005 932 1077; x_wconf 78' lang='lat' dir='ltr'>aa).</span> <span class='ocrx_word' id='word_1_91' title='bbox 949 1000 1134 1079; x_wconf 79' lang='lat' dir='ltr'>Adscriptum</span> <span class='ocrx_word' id='word_1_92' title='bbox 1149 1000 1193 1060; x_wconf 88' lang='lat' dir='ltr'>ihi</span> <span class='ocrx_word' id='word_1_93' title='bbox 1208 1002 1333 1078; x_wconf 82' lang='lat' dir='ltr'>legitur:</span> <span class='ocrx_word' id='word_1_94' title='bbox 1354 1002 1435 1076; x_wconf 72' lang='grc' dir='ltr'>Ζήταν</span> <span class='ocrx_word' id='word_1_95' title='bbox 1448 1004 1478 1065; x_wconf 80' lang='grc' dir='ltr'>τὸ</span> <span class='ocrx_word' id='word_1_96' title='bbox 1495 1010 1585 1068; x_wconf 73' lang='grc' dir='ltr'>λεῖπον</span> <span class='ocrx_word' id='word_1_97' title='bbox 1601 1012 1642 1088; x_wconf 60' lang='lat' dir='ltr'>(lq</span> <span class='ocrx_word' id='word_1_98' title='bbox 1655 1010 1685 1070; x_wconf 78' lang='lat' dir='ltr'>rh</span> 
     </span>
    </p>
   </div>
   <div class='ocr_carea' id='block_1_6' title="bbox 15 1091 1685 1282">
    <p class='ocr_par' dir='ltr' id='par_1_6' title="bbox 15 1091 1685 1282">
     <span class='ocr_line' id='line_1_8' title="bbox 15 1091 1685 1187; baseline 0.005 -30"><span class='ocrx_word' id='word_1_99' title='bbox 15 1094 20 1117; x_wconf 87' lang='lat'><strong>¹</strong></span> <span class='ocrx_word' id='word_1_100' title='bbox 102 1100 168 1159; x_wconf 80' lang='grc' dir='ltr'>λιστον</span> <span class='ocrx_word' id='word_1_101' title='bbox 180 1098 250 1180; x_wconf 80' lang='lat' dir='ltr'>cod.)</span> <span class='ocrx_word' id='word_1_102' title='bbox 268 1100 367 1160; x_wconf 81' lang='grc' dir='ltr'>τούτου</span> <span class='ocrx_word' id='word_1_103' title='bbox 386 1101 509 1173; x_wconf 73' lang='grc' dir='ltr'>ὄπισθεν,</span> <span class='ocrx_word' id='word_1_104' title='bbox 524 1103 551 1161; x_wconf 83' lang='grc' dir='ltr'>ἐν</span> <span class='ocrx_word' id='word_1_105' title='bbox 568 1091 592 1182; x_wconf 78' lang='grc' dir='ltr'><strong>ᾧ</strong></span> <span class='ocrx_word' id='word_1_106' title='bbox 612 1100 721 1177; x_wconf 75' lang='grc' dir='ltr'>σημεῖόν</span> <span class='ocrx_word' id='word_1_107' title='bbox 742 1102 798 1160; x_wconf 75' lang='grc' dir='ltr'>ἐστι</span> <span class='ocrx_word' id='word_1_108' title='bbox 817 1104 933 1158; x_wconf 76' lang='grc' dir='ltr'>τοιοῦτον</span> <span class='ocrx_word' id='word_1_109' title='bbox 948 1121 1034 1175; x_wconf 83' lang='grc' dir='ltr'>ο-ο,</span> <span class='ocrx_word' id='word_1_110' title='bbox 1047 1103 1065 1170; x_wconf 78' lang='grc' dir='ltr'>ἡ</span> <span class='ocrx_word' id='word_1_111' title='bbox 1077 1099 1104 1159; x_wconf 70' lang='grc' dir='ltr'>δὲ</span> <span class='ocrx_word' id='word_1_112' title='bbox 1119 1100 1189 1181; x_wconf 79' lang='grc' dir='ltr'>ἀρχὴ</span> <span class='ocrx_word' id='word_1_113' title='bbox 1205 1105 1250 1159; x_wconf 78' lang='grc' dir='ltr'>τοῦ</span> <span class='ocrx_word' id='word_1_114' title='bbox 1263 1100 1342 1180; x_wconf 79' lang='grc' dir='ltr'>λόγου</span> <span class='ocrx_word' id='word_1_115' title='bbox 1357 1129 1370 1158; x_wconf 78' lang='grc' dir='ltr'>ι</span> <span class='ocrx_word' id='word_1_116' title='bbox 1384 1105 1512 1187; x_wconf 73' lang='grc' dir='ltr'>γέγραφεν</span> <span class='ocrx_word' id='word_1_117' title='bbox 1525 1132 1549 1168; x_wconf 82' lang='grc' dir='ltr'>ν.</span> <span class='ocrx_word' id='word_1_118' title='bbox 1563 1107 1685 1185; x_wconf 79' lang='lat' dir='ltr'>Signum</span> 
     </span>
     <span class='ocr_line' id='line_1_9' title="bbox 18 1194 1684 1282; baseline 0.005 -28"><span class='ocrx_word' id='word_1_119' title='bbox 18 1256 19 1263; x_wconf 21' lang='grc' dir='ltr'>γ</span> <span class='ocrx_word' id='word_1_120' title='bbox 104 1196 172 1256; x_wconf 86' lang='lat' dir='ltr'>lstud</span> <span class='ocrx_word' id='word_1_121' title='bbox 184 1200 306 1258; x_wconf 90' lang='lat' dir='ltr'>occurrit</span> <span class='ocrx_word' id='word_1_122' title='bbox 318 1199 352 1259; x_wconf 90' lang='lat' dir='ltr'>in</span> <span class='ocrx_word' id='word_1_123' title='bbox 368 1199 433 1258; x_wconf 79' lang='lat' dir='ltr'>folii</span> <span class='ocrx_word' id='word_1_124' title='bbox 447 1199 485 1258; x_wconf 82' lang='grc'>85</span> <span class='ocrx_word' id='word_1_125' title='bbox 498 1219 525 1259; x_wconf 89' lang='lat' dir='ltr'>r.</span> <span class='ocrx_word' id='word_1_126' title='bbox 542 1219 631 1259; x_wconf 85' lang='lat' dir='ltr'>versu</span> <span class='ocrx_word' id='word_1_127' title='bbox 647 1199 761 1258; x_wconf 89' lang='lat' dir='ltr'>decimo</span> <span class='ocrx_word' id='word_1_128' title='bbox 776 1197 916 1276; x_wconf 85' lang='lat' dir='ltr'>septimo,</span> <span class='ocrx_word' id='word_1_129' title='bbox 931 1195 983 1274; x_wconf 88' lang='lat' dir='ltr'>qui</span> <span class='ocrx_word' id='word_1_130' title='bbox 998 1197 1038 1254; x_wconf 89' lang='lat' dir='ltr'>ita</span> <span class='ocrx_word' id='word_1_131' title='bbox 1051 1195 1136 1255; x_wconf 91' lang='lat' dir='ltr'>habet</span> <span class='ocrx_word' id='word_1_132' title='bbox 1150 1219 1157 1254; x_wconf 81' lang='lat' dir='ltr'>t</span> <span class='ocrx_word' id='word_1_133' title='bbox 1173 1202 1210 1264; x_wconf 72' lang='lat' dir='ltr'>alc</span> <span class='ocrx_word' id='word_1_134' title='bbox 1226 1194 1412 1278; x_wconf 73' lang='grc' dir='ltr'>Ταίναρον,’ἔν</span> <span class='ocrx_word' id='word_1_135' title='bbox 1426 1205 1504 1282; x_wconf 78' lang='grc' dir='ltr'>τιτῷ</span> <span class='ocrx_word' id='word_1_136' title='bbox 1520 1205 1684 1272; x_wconf 82' lang='grc' dir='ltr'>Ποσειδῶνος</span> 
     </span>
    </p>
   </div>
   <div class='ocr_carea' id='block_1_7' title="bbox 107 1286 1685 1381">
    <p class='ocr_par' dir='ltr' id='par_1_7' title="bbox 107 1286 1685 1381">
     <span class='ocr_line' id='line_1_10' title="bbox 107 1286 1685 1381; baseline 0.007 -32"><span class='ocrx_word' id='word_1_137' title='bbox 107 1292 194 1367; x_wconf 79' lang='lat' dir='ltr'>sepius</span> <span class='ocrx_word' id='word_1_138' title='bbox 204 1291 332 1355; x_wconf 74' lang='grc' dir='ltr'>ἷιὲτνυεν·</span> <span class='ocrx_word' id='word_1_139' title='bbox 344 1294 492 1377; x_wconf 76' lang='grc' dir='ltr'>γέγραφεν·</span> <span class='ocrx_word' id='word_1_140' title='bbox 506 1286 543 1354; x_wconf 70' lang='grc' dir='ltr'>ὄν</span> <span class='ocrx_word' id='word_1_141' title='bbox 564 1298 721 1368; x_wconf 77' lang='grc' dir='ltr'>κοινωνῆσαι</span> <span class='ocrx_word' id='word_1_142' title='bbox 736 1295 781 1353; x_wconf 75' lang='grc' dir='ltr'>καὶ</span> <span class='ocrx_word' id='word_1_143' title='bbox 795 1294 870 1360; x_wconf 80' lang='grc' dir='ltr'>αὐτός</span> <span class='ocrx_word' id='word_1_144' title='bbox 884 1315 949 1373; x_wconf 82' lang='grc' dir='ltr'>φησι</span> <span class='ocrx_word' id='word_1_145' title='bbox 964 1293 1010 1370; x_wconf 85' lang='lat' dir='ltr'>(V.</span> <span class='ocrx_word' id='word_1_146' title='bbox 1034 1293 1209 1353; x_wconf 82' lang='lat' dir='ltr'>Aristodem.</span> <span class='ocrx_word' id='word_1_147' title='bbox 1222 1314 1252 1373; x_wconf 89' lang='lat' dir='ltr'>p.</span> <span class='ocrx_word' id='word_1_148' title='bbox 1272 1316 1360 1372; x_wconf 86' lang='lat' dir='ltr'>11,c.</span> <span class='ocrx_word' id='word_1_149' title='bbox 1375 1300 1405 1372; x_wconf 84' lang='lat'>8,</span> <span class='ocrx_word' id='word_1_150' title='bbox 1425 1300 1464 1376; x_wconf 81' lang='lat' dir='ltr'>a).</span> <span class='ocrx_word' id='word_1_151' title='bbox 1479 1298 1576 1359; x_wconf 84' lang='lat' dir='ltr'>Verba</span> <span class='ocrx_word' id='word_1_152' title='bbox 1589 1301 1685 1381; x_wconf 77' lang='grc' dir='ltr'>γέγρα·</span> 
     </span>
    </p>
   </div>
   <div class='ocr_carea' id='block_1_8' title="bbox 21 1386 1684 1505">
    <p class='ocr_par' dir='ltr' id='par_1_8' title="bbox 21 1386 1684 1505">
     <span class='ocr_line' id='line_1_11' title="bbox 21 1386 1684 1505; baseline 0.006 -59"><span class='ocrx_word' id='word_1_153' title='bbox 21 1386 27 1429; x_wconf 64' lang='lat'>⁵</span> <span class='ocrx_word' id='word_1_154' title='bbox 107 1410 174 1468; x_wconf 79' lang='grc' dir='ltr'>φιν...</span> <span class='ocrx_word' id='word_1_155' title='bbox 187 1413 246 1505; x_wconf 77' lang='grc' dir='ltr'>φησι</span> <span class='ocrx_word' id='word_1_156' title='bbox 261 1411 353 1470; x_wconf 88' lang='lat' dir='ltr'>quum</span> <span class='ocrx_word' id='word_1_157' title='bbox 364 1391 427 1470; x_wconf 82' lang='lat' dir='ltr'>J&#39;anr</span> <span class='ocrx_word' id='word_1_158' title='bbox 444 1393 577 1469; x_wconf 81' lang='lat' dir='ltr'>legantur</span> <span class='ocrx_word' id='word_1_159' title='bbox 585 1393 645 1451; x_wconf 75' lang='lat' dir='ltr'>dol.</span> <span class='ocrx_word' id='word_1_160' title='bbox 662 1395 712 1464; x_wconf 87' lang='grc' dir='ltr'>8ι,</span> <span class='ocrx_word' id='word_1_161' title='bbox 725 1390 916 1468; x_wconf 79' lang='lat' dir='ltr'><strong>consequitur</strong></span> <span class='ocrx_word' id='word_1_162' title='bbox 931 1388 1035 1448; x_wconf 90' lang='lat' dir='ltr'>ultima</span> <span class='ocrx_word' id='word_1_163' title='bbox 1049 1389 1113 1447; x_wconf 89' lang='lat' dir='ltr'>solii</span> <span class='ocrx_word' id='word_1_164' title='bbox 1127 1390 1216 1468; x_wconf 88' lang='lat' dir='ltr'>primi</span> <span class='ocrx_word' id='word_1_165' title='bbox 1230 1391 1320 1450; x_wconf 79' lang='lat' dir='ltr'>verba</span> <span class='ocrx_word' id='word_1_166' title='bbox 1334 1395 1419 1452; x_wconf 89' lang='lat' dir='ltr'>initio</span> <span class='ocrx_word' id='word_1_167' title='bbox 1433 1395 1552 1454; x_wconf 86' lang='lat' dir='ltr'>secundi</span> <span class='ocrx_word' id='word_1_168' title='bbox 1573 1397 1638 1456; x_wconf 83' lang='lat' dir='ltr'>lolii</span> <span class='ocrx_word' id='word_1_169' title='bbox 1654 1399 1684 1456; x_wconf 92' lang='lat' dir='ltr'>in</span> 
     </span>
    </p>
   </div>
   <div class='ocr_carea' id='block_1_9' title="bbox 105 1484 1685 1603">
    <p class='ocr_par' dir='ltr' id='par_1_9' title="bbox 105 1484 1685 1603">
     <span class='ocr_line' id='line_1_12' title="bbox 105 1484 1685 1603; baseline 0.006 -62"><span class='ocrx_word' id='word_1_170' title='bbox 105 1486 250 1569; x_wconf 49' lang='lat' dir='ltr'>sperarim</span> <span class='ocrx_word' id='word_1_171' title='bbox 263 1488 365 1547; x_wconf 87' lang='lat' dir='ltr'>codice</span> <span class='ocrx_word' id='word_1_172' title='bbox 384 1507 537 1567; x_wconf 88' lang='lat' dir='ltr'>perperam</span> <span class='ocrx_word' id='word_1_173' title='bbox 554 1489 678 1566; x_wconf 87' lang='lat' dir='ltr'>repetita</span> <span class='ocrx_word' id='word_1_174' title='bbox 691 1507 764 1550; x_wconf 87' lang='lat' dir='ltr'>esse</span> <span class='ocrx_word' id='word_1_175' title='bbox 779 1487 913 1547; x_wconf 85' lang='lat' dir='ltr'>Ceterum</span> <span class='ocrx_word' id='word_1_176' title='bbox 937 1486 987 1547; x_wconf 85' lang='lat' dir='ltr'>sol.</span> <span class='ocrx_word' id='word_1_177' title='bbox 1008 1484 1058 1558; x_wconf 85' lang='grc'>85,</span> <span class='ocrx_word' id='word_1_178' title='bbox 1077 1505 1111 1558; x_wconf 87' lang='lat'>¹7</span> <span class='ocrx_word' id='word_1_179' title='bbox 1136 1505 1201 1603; x_wconf 86' lang='lat' dir='ltr'>sqq.</span> <span class='ocrx_word' id='word_1_180' title='bbox 1221 1485 1343 1545; x_wconf 91' lang='lat' dir='ltr'>dimidia</span> <span class='ocrx_word' id='word_1_181' title='bbox 1364 1501 1475 1547; x_wconf 91' lang='lat' dir='ltr'>tantum</span> <span class='ocrx_word' id='word_1_182' title='bbox 1490 1490 1600 1549; x_wconf 73' lang='lat' dir='ltr'>lacunae</span> <span class='ocrx_word' id='word_1_183' title='bbox 1614 1511 1685 1571; x_wconf 87' lang='lat' dir='ltr'>pars</span> 
     </span>
    </p>
   </div>
   <div class='ocr_carea' id='block_1_10' title="bbox 25 1580 1684 1667">
    <p class='ocr_par' dir='ltr' id='par_1_10' title="bbox 25 1580 1684 1667">
     <span class='ocr_line' id='line_1_13' title="bbox 25 1580 1684 1667; baseline 0.004 -25"><span class='ocrx_word' id='word_1_184' title='bbox 25 1580 27 1611; x_wconf 76' lang='lat'>³</span> <span class='ocrx_word' id='word_1_185' title='bbox 107 1582 307 1663; x_wconf 67' lang='lat' dir='ltr'>larthdypilol.</span> <span class='ocrx_word' id='word_1_186' title='bbox 323 1586 384 1643; x_wconf 71' lang='lat' dir='ltr'>iet</span> <span class='ocrx_word' id='word_1_187' title='bbox 398 1584 428 1663; x_wconf 72' lang='lat' dir='ltr'>s)</span> <span class='ocrx_word' id='word_1_188' title='bbox 443 1585 576 1663; x_wconf 80' lang='lat' dir='ltr'>expletur</span> <span class='ocrx_word' id='word_1_189' title='bbox 593 1604 686 1663; x_wconf 90' lang='lat' dir='ltr'>usque</span> <span class='ocrx_word' id='word_1_190' title='bbox 701 1585 738 1644; x_wconf 89' lang='lat' dir='ltr'>ad</span> <span class='ocrx_word' id='word_1_191' title='bbox 754 1583 844 1643; x_wconf 81' lang='lat' dir='ltr'>rerba</span> <span class='ocrx_word' id='word_1_192' title='bbox 859 1584 960 1643; x_wconf 80' lang='grc' dir='ltr'>δεῖσθαι</span> <span class='ocrx_word' id='word_1_193' title='bbox 976 1582 1026 1663; x_wconf 62' lang='grc' dir='ltr'>(φη</span> <span class='ocrx_word' id='word_1_194' title='bbox 1041 1581 1252 1652; x_wconf 73' lang='grc' dir='ltr'>τουτοιήσοντος</span> <span class='ocrx_word' id='word_1_195' title='bbox 1265 1583 1305 1661; x_wconf 89' lang='lat' dir='ltr'>(p.</span> <span class='ocrx_word' id='word_1_196' title='bbox 1323 1584 1352 1656; x_wconf 82' lang='lat'>5,</span> <span class='ocrx_word' id='word_1_197' title='bbox 1369 1594 1405 1654; x_wconf 73' lang='lat' dir='ltr'>al</span> <span class='ocrx_word' id='word_1_198' title='bbox 1422 1585 1484 1663; x_wconf 71' lang='lat' dir='ltr'>DJ.</span> <span class='ocrx_word' id='word_1_199' title='bbox 1500 1586 1590 1646; x_wconf 90' lang='lat' dir='ltr'>altera</span> <span class='ocrx_word' id='word_1_200' title='bbox 1615 1608 1684 1667; x_wconf 79' lang='lat' dir='ltr'>pars</span> 
     </span>
    </p>
   </div>
   <div class='ocr_carea' id='block_1_11' title="bbox 109 1678 1684 2148">
    <p class='ocr_par' dir='ltr' id='par_1_11' title="bbox 109 1678 1684 2148">
     <span class='ocr_line' id='line_1_14' title="bbox 109 1678 1683 1765; baseline 0.003 -26"><span class='ocrx_word' id='word_1_201' title='bbox 109 1666 592 1764; x_wconf 59' lang='lat' dir='ltr'>nquadverbirtvpvqpostqut</span> <span class='ocrx_word' id='word_1_202' title='bbox 593 1681 689 1765; x_wconf 83' lang='grc' dir='ltr'>ιτο(ρ.</span> <span class='ocrx_word' id='word_1_203' title='bbox 698 1683 716 1741; x_wconf 88' lang='grc'><strong>8</strong></span> <span class='ocrx_word' id='word_1_204' title='bbox 718 1679 799 1762; x_wconf 66' lang='lat' dir='ltr'>m),</span> <span class='ocrx_word' id='word_1_205' title='bbox 809 1678 1121 1760; x_wconf 83' lang='lat' dir='ltr'>indepetditiscodicis</span> <span class='ocrx_word' id='word_1_206' title='bbox 1136 1679 1315 1737; x_wconf 83' lang='lat' dir='ltr'>nostrisoliis</span> <span class='ocrx_word' id='word_1_207' title='bbox 1329 1680 1576 1741; x_wconf 87' lang='lat' dir='ltr'>exstitissedebet.</span> <span class='ocrx_word' id='word_1_208' title='bbox 1590 1683 1683 1760; x_wconf 78' lang='lat' dir='ltr'>igitur</span> 
     </span>
     <span class='ocr_line' id='line_1_15' title="bbox 109 1773 1683 1857; baseline 0.005 -24"><span class='ocrx_word' id='word_1_209' title='bbox 109 1776 219 1835; x_wconf 78' lang='lat' dir='ltr'>adfinem</span> <span class='ocrx_word' id='word_1_210' title='bbox 228 1778 310 1853; x_wconf 89' lang='lat' dir='ltr'>huJus</span> <span class='ocrx_word' id='word_1_211' title='bbox 320 1779 629 1857; x_wconf 89' lang='lat' dir='ltr'>supplementiiterum</span> <span class='ocrx_word' id='word_1_212' title='bbox 637 1778 834 1837; x_wconf 88' lang='lat' dir='ltr'>adnotandum</span> <span class='ocrx_word' id='word_1_213' title='bbox 844 1791 925 1837; x_wconf 89' lang='lat' dir='ltr'>erat·</span> <span class='ocrx_word' id='word_1_214' title='bbox 935 1776 1016 1848; x_wconf 81' lang='grc' dir='ltr'>Ζήτει</span> <span class='ocrx_word' id='word_1_215' title='bbox 1028 1798 1058 1834; x_wconf 88' lang='grc' dir='ltr'>το</span> <span class='ocrx_word' id='word_1_216' title='bbox 1045 1774 1155 1834; x_wconf 77' lang='grc' dir='ltr'>λοιπον</span> <span class='ocrx_word' id='word_1_217' title='bbox 1168 1773 1258 1834; x_wconf 78' lang='grc' dir='ltr'>τούτου</span> <span class='ocrx_word' id='word_1_218' title='bbox 1271 1773 1376 1834; x_wconf 78' lang='grc' dir='ltr'>ὄπισθεν</span> <span class='ocrx_word' id='word_1_219' title='bbox 1388 1778 1447 1835; x_wconf 86' lang='grc' dir='ltr'><strong>κτλ.</strong></span> <span class='ocrx_word' id='word_1_220' title='bbox 1458 1777 1603 1848; x_wconf 84' lang='lat' dir='ltr'>Quoniam</span> <span class='ocrx_word' id='word_1_221' title='bbox 1612 1801 1683 1841; x_wconf 84' lang='lat' dir='ltr'>vero</span> 
     </span>
     <span class='ocr_line' id='line_1_16' title="bbox 112 1873 1684 1957; baseline 0.006 -27"><span class='ocrx_word' id='word_1_222' title='bbox 112 1873 180 1931; x_wconf 85' lang='lat' dir='ltr'>nulla</span> <span class='ocrx_word' id='word_1_223' title='bbox 190 1875 328 1952; x_wconf 87' lang='lat' dir='ltr'>ejusmodi</span> <span class='ocrx_word' id='word_1_224' title='bbox 342 1888 411 1934; x_wconf 87' lang='lat' dir='ltr'>nota</span> <span class='ocrx_word' id='word_1_225' title='bbox 425 1876 517 1934; x_wconf 91' lang='lat' dir='ltr'>lector</span> <span class='ocrx_word' id='word_1_226' title='bbox 531 1875 566 1934; x_wconf 89' lang='lat' dir='ltr'>ad</span> <span class='ocrx_word' id='word_1_227' title='bbox 579 1876 730 1953; x_wconf 79' lang='lat' dir='ltr'>sequentia</span> <span class='ocrx_word' id='word_1_228' title='bbox 742 1875 921 1947; x_wconf 78' lang='lat' dir='ltr'>amandetur,</span> <span class='ocrx_word' id='word_1_229' title='bbox 934 1884 1087 1931; x_wconf 86' lang='lat' dir='ltr'>annotator</span> <span class='ocrx_word' id='word_1_230' title='bbox 1103 1884 1202 1931; x_wconf 89' lang='lat' dir='ltr'>noster</span> <span class='ocrx_word' id='word_1_231' title='bbox 1220 1873 1350 1932; x_wconf 84' lang='lat' dir='ltr'>codicem</span> <span class='ocrx_word' id='word_1_232' title='bbox 1365 1874 1482 1934; x_wconf 92' lang='lat' dir='ltr'>talem</span> <span class='ocrx_word' id='word_1_233' title='bbox 1469 1895 1530 1953; x_wconf 90' lang='lat' dir='ltr'>Jam</span> <span class='ocrx_word' id='word_1_234' title='bbox 1542 1881 1684 1957; x_wconf 88' lang='lat' dir='ltr'>repererit</span> 
     </span>
     <span class='ocr_line' id='line_1_17' title="bbox 112 1964 1683 2050; baseline 0.006 -22"><span class='ocrx_word' id='word_1_235' title='bbox 112 1969 206 2045; x_wconf 74' lang='lat' dir='ltr'>qualern</span> <span class='ocrx_word' id='word_1_236' title='bbox 220 1991 270 2031; x_wconf 91' lang='lat' dir='ltr'>nos</span> <span class='ocrx_word' id='word_1_237' title='bbox 286 1971 444 2046; x_wconf 86' lang='lat' dir='ltr'>hahemus,</span> <span class='ocrx_word' id='word_1_238' title='bbox 458 1972 491 2031; x_wconf 90' lang='lat' dir='ltr'>in</span> <span class='ocrx_word' id='word_1_239' title='bbox 505 1993 564 2050; x_wconf 92' lang='lat' dir='ltr'>quo</span> <span class='ocrx_word' id='word_1_240' title='bbox 579 1974 648 2032; x_wconf 86' lang='lat' dir='ltr'>lolia</span> <span class='ocrx_word' id='word_1_241' title='bbox 666 1973 784 2031; x_wconf 80' lang='lat' dir='ltr'>alteram</span> <span class='ocrx_word' id='word_1_242' title='bbox 798 1970 888 2049; x_wconf 81' lang='lat' dir='ltr'>hujus</span> <span class='ocrx_word' id='word_1_243' title='bbox 905 1968 1016 2029; x_wconf 78' lang='lat' dir='ltr'>lacunae</span> <span class='ocrx_word' id='word_1_244' title='bbox 1028 1981 1141 2048; x_wconf 87' lang='lat' dir='ltr'>partem</span> <span class='ocrx_word' id='word_1_245' title='bbox 1153 1967 1322 2029; x_wconf 79' lang='lat' dir='ltr'>exhibentia</span> <span class='ocrx_word' id='word_1_246' title='bbox 1335 1970 1546 2036; x_wconf 89' lang='lat' dir='ltr'>desiderantur.</span> <span class='ocrx_word' id='word_1_247' title='bbox 1558 2008 1599 2023; x_wconf 90' lang='lat'><em>-</em></span> <span class='ocrx_word' id='word_1_248' title='bbox 1614 1964 1683 2037; x_wconf 86' lang='lat' dir='ltr'>Post</span> 
     </span>
     <span class='ocr_line' id='line_1_18' title="bbox 113 2057 1682 2148; baseline 0.006 -24"><span class='ocrx_word' id='word_1_249' title='bbox 113 2065 220 2127; x_wconf 56' lang='lat' dir='ltr'>hunam</span> <span class='ocrx_word' id='word_1_250' title='bbox 234 2070 357 2129; x_wconf 77' lang='lat' dir='ltr'>illumin</span> <span class='ocrx_word' id='word_1_251' title='bbox 372 2068 443 2128; x_wconf 85' lang='lat' dir='ltr'>solio</span> <span class='ocrx_word' id='word_1_252' title='bbox 455 2072 490 2129; x_wconf 87' lang='grc' dir='ltr'>8ι</span> <span class='ocrx_word' id='word_1_253' title='bbox 503 2084 666 2148; x_wconf 89' lang='lat' dir='ltr'>sequuntur</span> <span class='ocrx_word' id='word_1_254' title='bbox 679 2069 848 2128; x_wconf 83' lang='lat' dir='ltr'>Philostrati</span> <span class='ocrx_word' id='word_1_255' title='bbox 869 2067 958 2126; x_wconf 87' lang='lat' dir='ltr'>verba</span> <span class='ocrx_word' id='word_1_256' title='bbox 976 2057 1039 2148; x_wconf 76' lang='grc' dir='ltr'>ἰνῷ</span> <span class='ocrx_word' id='word_1_257' title='bbox 1058 2066 1146 2126; x_wconf 77' lang='grc' dir='ltr'>πάντα</span> <span class='ocrx_word' id='word_1_258' title='bbox 1169 2069 1336 2147; x_wconf 68' lang='lat' dir='ltr'>turbasque</span> <span class='ocrx_word' id='word_1_259' title='bbox 1354 2070 1390 2128; x_wconf 93' lang='lat' dir='ltr'>ad</span> <span class='ocrx_word' id='word_1_260' title='bbox 1415 2069 1502 2148; x_wconf 67' lang='grc' dir='ltr'>πηγὰς</span> <span class='ocrx_word' id='word_1_261' title='bbox 1520 2072 1654 2133; x_wconf 71' lang='grc' dir='ltr'>ἐκδίδωσιν</span> <span class='ocrx_word' id='word_1_262' title='bbox 1669 2080 1682 2134; x_wconf 80' lang='grc' dir='ltr'><strong>ὁ</strong></span> 
     </span>
    </p>
   </div>
   <div class='ocr_carea' id='block_1_12' title="bbox 19 2140 1682 2252">
    <p class='ocr_par' dir='ltr' id='par_1_12' title="bbox 19 2140 1682 2252">
     <span class='ocr_line' id='line_1_19' title="bbox 19 2140 1682 2252; baseline 0.013 -39"><span class='ocrx_word' id='word_1_263' title='bbox 19 2140 30 2213; x_wconf 64' lang='grc'>.’</span> <span class='ocrx_word' id='word_1_264' title='bbox 119 2162 307 2248; x_wconf 68' lang='grc' dir='ltr'>χυροςοφθονοος</span> <span class='ocrx_word' id='word_1_265' title='bbox 318 2166 361 2244; x_wconf 89' lang='lat' dir='ltr'>(p</span> <span class='ocrx_word' id='word_1_266' title='bbox 375 2165 405 2238; x_wconf 89' lang='grc'>8,</span> <span class='ocrx_word' id='word_1_267' title='bbox 425 2186 597 2245; x_wconf 56' lang='lat' dir='ltr'>aa-pq</span> <span class='ocrx_word' id='word_1_268' title='bbox 614 2168 651 2235; x_wconf 74' lang='grc'>43</span> <span class='ocrx_word' id='word_1_269' title='bbox 668 2166 762 2243; x_wconf 82' lang='lat' dir='ltr'>Did..)</span> <span class='ocrx_word' id='word_1_270' title='bbox 776 2165 891 2224; x_wconf 73' lang='lat' dir='ltr'>Folium</span> <span class='ocrx_word' id='word_1_271' title='bbox 913 2166 951 2223; x_wconf 76' lang='grc' dir='ltr'>8ο</span> <span class='ocrx_word' id='word_1_272' title='bbox 967 2166 1003 2224; x_wconf 88' lang='lat' dir='ltr'>ad</span> <span class='ocrx_word' id='word_1_273' title='bbox 1023 2165 1146 2225; x_wconf 78' lang='lat' dir='ltr'>Helonis</span> <span class='ocrx_word' id='word_1_274' title='bbox 1161 2166 1269 2226; x_wconf 80' lang='lat' dir='ltr'>librum</span> <span class='ocrx_word' id='word_1_275' title='bbox 1286 2160 1420 2246; x_wconf 84' lang='lat' dir='ltr'>pertinet.</span> <span class='ocrx_word' id='word_1_276' title='bbox 1437 2169 1682 2252; x_wconf 73' lang='lat' dir='ltr'>Foliissipagiun</span> 
     </span>
    </p>
   </div>
   <div class='ocr_carea' id='block_1_13' title="bbox 119 2259 1681 2350">
    <p class='ocr_par' dir='ltr' id='par_1_13' title="bbox 119 2259 1681 2350">
     <span class='ocr_line' id='line_1_20' title="bbox 119 2259 1681 2350; baseline 0.011 -34"><span class='ocrx_word' id='word_1_277' title='bbox 119 2259 186 2333; x_wconf 80' lang='lat' dir='ltr'>ptiar</span> <span class='ocrx_word' id='word_1_278' title='bbox 194 2260 307 2321; x_wconf 82' lang='lat' dir='ltr'>scribae</span> <span class='ocrx_word' id='word_1_279' title='bbox 298 2262 434 2323; x_wconf 81' lang='lat' dir='ltr'>inattenti</span> <span class='ocrx_word' id='word_1_280' title='bbox 451 2262 634 2340; x_wconf 78' lang='lat' dir='ltr'>sphalmata</span> <span class='ocrx_word' id='word_1_281' title='bbox 625 2282 656 2320; x_wconf 84' lang='grc' dir='ltr'>ιιι</span> <span class='ocrx_word' id='word_1_282' title='bbox 670 2261 822 2322; x_wconf 80' lang='lat' dir='ltr'>codicibus</span> <span class='ocrx_word' id='word_1_283' title='bbox 833 2263 941 2342; x_wconf 88' lang='lat' dir='ltr'>passim</span> <span class='ocrx_word' id='word_1_284' title='bbox 955 2260 1044 2321; x_wconf 82' lang='lat' dir='ltr'>obvio</span> <span class='ocrx_word' id='word_1_285' title='bbox 1057 2282 1150 2322; x_wconf 87' lang='lat' dir='ltr'>vacua</span> <span class='ocrx_word' id='word_1_286' title='bbox 1163 2265 1261 2323; x_wconf 88' lang='lat' dir='ltr'>relicta</span> <span class='ocrx_word' id='word_1_287' title='bbox 1271 2277 1325 2328; x_wconf 90' lang='lat' dir='ltr'>est.</span> <span class='ocrx_word' id='word_1_288' title='bbox 1338 2263 1521 2344; x_wconf 84' lang='lat' dir='ltr'>Majorem</span> <span class='ocrx_word' id='word_1_289' title='bbox 1494 2287 1558 2344; x_wconf 87' lang='lat' dir='ltr'>eJus</span> <span class='ocrx_word' id='word_1_290' title='bbox 1571 2284 1681 2350; x_wconf 86' lang='lat' dir='ltr'>partem</span> 
     </span>
    </p>
   </div>
   <div class='ocr_carea' id='block_1_14' title="bbox 14 2348 1684 2444">
    <p class='ocr_par' dir='ltr' id='par_1_14' title="bbox 14 2348 1684 2444">
     <span class='ocr_line' id='line_1_21' title="bbox 14 2348 1684 2444; baseline 0.01 -31"><span class='ocrx_word' id='word_1_291' title='bbox 14 2398 15 2409; x_wconf 50' lang='grc' dir='ltr'>ι</span> <span class='ocrx_word' id='word_1_292' title='bbox 115 2352 211 2430; x_wconf 82' lang='lat' dir='ltr'>qnidam</span> <span class='ocrx_word' id='word_1_293' title='bbox 222 2372 284 2418; x_wconf 88' lang='lat' dir='ltr'>octo</span> <span class='ocrx_word' id='word_1_294' title='bbox 303 2358 581 2419; x_wconf 85' lang='lat' dir='ltr'>medicamentorum</span> <span class='ocrx_word' id='word_1_295' title='bbox 597 2357 752 2417; x_wconf 80' lang='lat' dir='ltr'>formulis</span> <span class='ocrx_word' id='word_1_296' title='bbox 743 2360 916 2436; x_wconf 80' lang='lat' dir='ltr'>inquinavit.</span> <span class='ocrx_word' id='word_1_297' title='bbox 933 2348 1022 2417; x_wconf 81' lang='lat' dir='ltr'>Manu</span> <span class='ocrx_word' id='word_1_298' title='bbox 1040 2358 1102 2418; x_wconf 87' lang='lat' dir='ltr'>haec</span> <span class='ocrx_word' id='word_1_299' title='bbox 1114 2360 1222 2440; x_wconf 89' lang='lat' dir='ltr'>scripta</span> <span class='ocrx_word' id='word_1_300' title='bbox 1237 2375 1303 2420; x_wconf 91' lang='lat' dir='ltr'>sunt</span> <span class='ocrx_word' id='word_1_301' title='bbox 1318 2364 1345 2421; x_wconf 93' lang='lat' dir='ltr'>ei</span> <span class='ocrx_word' id='word_1_302' title='bbox 1361 2384 1426 2441; x_wconf 82' lang='lat' dir='ltr'>quae</span> <span class='ocrx_word' id='word_1_303' title='bbox 1442 2358 1587 2444; x_wconf 80' lang='lat' dir='ltr'>reliq&#39;uum</span> <span class='ocrx_word' id='word_1_304' title='bbox 1602 2370 1684 2430; x_wconf 90' lang='lat' dir='ltr'>codi-</span> 
     </span>
    </p>
   </div>
   <div class='ocr_carea' id='block_1_15' title="bbox 79 2455 1733 4773">
    <p class='ocr_par' dir='ltr' id='par_1_15' title="bbox 110 2455 1681 2545">
     <span class='ocr_line' id='line_1_22' title="bbox 110 2455 1681 2545; baseline 0.01 -36"><span class='ocrx_word' id='word_1_305' title='bbox 110 2469 163 2510; x_wconf 83' lang='lat' dir='ltr'>cem</span> <span class='ocrx_word' id='word_1_306' title='bbox 178 2458 298 2515; x_wconf 79' lang='lat' dir='ltr'>curavit</span> <span class='ocrx_word' id='word_1_307' title='bbox 321 2456 482 2518; x_wconf 90' lang='lat' dir='ltr'>simillima.</span> <span class='ocrx_word' id='word_1_308' title='bbox 500 2455 597 2514; x_wconf 78' lang='lat' dir='ltr'>Altera</span> <span class='ocrx_word' id='word_1_309' title='bbox 616 2456 679 2514; x_wconf 90' lang='lat' dir='ltr'>solii</span> <span class='ocrx_word' id='word_1_310' title='bbox 694 2457 802 2534; x_wconf 81' lang='lat' dir='ltr'>pagina</span> <span class='ocrx_word' id='word_1_311' title='bbox 822 2457 853 2513; x_wconf 94' lang='lat' dir='ltr'>in</span> <span class='ocrx_word' id='word_1_312' title='bbox 873 2456 970 2514; x_wconf 90' lang='lat' dir='ltr'>media</span> <span class='ocrx_word' id='word_1_313' title='bbox 984 2455 1108 2534; x_wconf 90' lang='lat' dir='ltr'>phrasi&#39;</span> <span class='ocrx_word' id='word_1_314' title='bbox 1100 2457 1206 2535; x_wconf 81' lang='lat' dir='ltr'>incipit</span> <span class='ocrx_word' id='word_1_315' title='bbox 1227 2457 1348 2519; x_wconf 82' lang='lat' dir='ltr'>verbis:</span> <span class='ocrx_word' id='word_1_316' title='bbox 1364 2460 1538 2539; x_wconf 76' lang='grc' dir='ltr'>αἰτησάμενος</span> <span class='ocrx_word' id='word_1_317' title='bbox 1557 2463 1681 2545; x_wconf 77' lang='grc' dir='ltr'>γὰρμίαν</span> 
     </span>
    </p>

    <p class='ocr_par' dir='ltr' id='par_1_16' title="bbox 107 2549 1335 2632">
     <span class='ocr_line' id='line_1_23' title="bbox 107 2549 1335 2632; baseline 0.002 -21"><span class='ocrx_word' id='word_1_318' title='bbox 107 2549 194 2626; x_wconf 72' lang='lat' dir='ltr'>irsipas</span> <span class='ocrx_word' id='word_1_319' title='bbox 203 2557 257 2613; x_wconf 67' lang='lat' dir='ltr'>xri.</span> <span class='ocrx_word' id='word_1_320' title='bbox 272 2556 366 2632; x_wconf 84' lang='lat' dir='ltr'>Supra</span> <span class='ocrx_word' id='word_1_321' title='bbox 381 2552 443 2611; x_wconf 84' lang='lat' dir='ltr'>haec</span> <span class='ocrx_word' id='word_1_322' title='bbox 456 2572 557 2612; x_wconf 85' lang='lat' dir='ltr'>versus</span> <span class='ocrx_word' id='word_1_323' title='bbox 567 2552 661 2612; x_wconf 88' lang='lat' dir='ltr'>literis</span> <span class='ocrx_word' id='word_1_324' title='bbox 676 2551 846 2631; x_wconf 90' lang='lat' dir='ltr'>majusculis</span> <span class='ocrx_word' id='word_1_325' title='bbox 860 2553 986 2632; x_wconf 87' lang='lat' dir='ltr'>scriptus</span> <span class='ocrx_word' id='word_1_326' title='bbox 997 2567 1090 2612; x_wconf 87' lang='lat' dir='ltr'>exstat</span> <span class='ocrx_word' id='word_1_327' title='bbox 1103 2554 1155 2631; x_wconf 90' lang='lat' dir='ltr'>qui</span> <span class='ocrx_word' id='word_1_328' title='bbox 1170 2555 1210 2613; x_wconf 91' lang='lat' dir='ltr'>ita</span> <span class='ocrx_word' id='word_1_329' title='bbox 1225 2553 1314 2614; x_wconf 71' lang='lat' dir='ltr'>habet</span> <span class='ocrx_word' id='word_1_330' title='bbox 1329 2578 1335 2614; x_wconf 90' lang='lat'><strong>:</strong></span> 
     </span>
    </p>

    <p class='ocr_par' dir='ltr' id='par_1_17' title="bbox 105 2647 1460 2730">
     <span class='ocr_line' id='line_1_24' title="bbox 105 2647 1460 2730; baseline 0.001 -21"><span class='ocrx_word' id='word_1_331' title='bbox 105 2666 167 2701; x_wconf 77' lang='lat'>0-</span> <span class='ocrx_word' id='word_1_332' title='bbox 179 2658 212 2713; x_wconf 89' lang='grc'>&gt;&lt;</span> <span class='ocrx_word' id='word_1_333' title='bbox 220 2671 279 2709; x_wconf 85' lang='grc' dir='ltr'>-ο</span> <span class='ocrx_word' id='word_1_334' title='bbox 292 2649 338 2708; x_wconf 74' lang='grc' dir='ltr'>καὶ</span> <span class='ocrx_word' id='word_1_335' title='bbox 352 2648 384 2708; x_wconf 75' lang='grc' dir='ltr'>τὸ</span> <span class='ocrx_word' id='word_1_336' title='bbox 397 2658 521 2726; x_wconf 74' lang='grc' dir='ltr'>σημεῖον·</span> <span class='ocrx_word' id='word_1_337' title='bbox 534 2649 612 2708; x_wconf 75' lang='grc' dir='ltr'>τοῦτό</span> <span class='ocrx_word' id='word_1_338' title='bbox 626 2650 682 2708; x_wconf 76' lang='grc' dir='ltr'>ἐστι</span> <span class='ocrx_word' id='word_1_339' title='bbox 698 2648 763 2730; x_wconf 80' lang='grc' dir='ltr'>(καὶ)</span> <span class='ocrx_word' id='word_1_340' title='bbox 780 2648 812 2708; x_wconf 80' lang='lat' dir='ltr'>rh&#39;</span> <span class='ocrx_word' id='word_1_341' title='bbox 823 2648 979 2725; x_wconf 63' lang='lat' dir='ltr'>inscripturus</span> <span class='ocrx_word' id='word_1_342' title='bbox 989 2653 1037 2707; x_wconf 79' lang='lat' dir='ltr'>scii</span> <span class='ocrx_word' id='word_1_343' title='bbox 1048 2647 1236 2729; x_wconf 77' lang='grc' dir='ltr'>Ἀριστοδήμου</span> <span class='ocrx_word' id='word_1_344' title='bbox 1250 2693 1460 2716; x_wconf 84' lang='lat'>.........</span> 
     </span>
    </p>

    <p class='ocr_par' dir='ltr' id='par_1_18' title="bbox 103 2743 1680 2832">
     <span class='ocr_line' id='line_1_25' title="bbox 103 2743 1680 2832; baseline 0.008 -31"><span class='ocrx_word' id='word_1_345' title='bbox 103 2743 222 2804; x_wconf 74' lang='lat' dir='ltr'>Alterum</span> <span class='ocrx_word' id='word_1_346' title='bbox 233 2746 292 2824; x_wconf 78' lang='lat' dir='ltr'>sai,</span> <span class='ocrx_word' id='word_1_347' title='bbox 307 2746 389 2825; x_wconf 89' lang='lat' dir='ltr'>quod</span> <span class='ocrx_word' id='word_1_348' title='bbox 403 2745 524 2824; x_wconf 90' lang='lat' dir='ltr'>inclusi,</span> <span class='ocrx_word' id='word_1_349' title='bbox 541 2748 572 2806; x_wconf 92' lang='lat' dir='ltr'>iu</span> <span class='ocrx_word' id='word_1_350' title='bbox 587 2747 685 2805; x_wconf 87' lang='lat' dir='ltr'>codice</span> <span class='ocrx_word' id='word_1_351' title='bbox 699 2748 775 2805; x_wconf 86' lang='lat' dir='ltr'>linea</span> <span class='ocrx_word' id='word_1_352' title='bbox 790 2746 956 2805; x_wconf 87' lang='lat' dir='ltr'>transducta</span> <span class='ocrx_word' id='word_1_353' title='bbox 970 2746 1092 2805; x_wconf 91' lang='lat' dir='ltr'>deletum</span> <span class='ocrx_word' id='word_1_354' title='bbox 1111 2760 1164 2807; x_wconf 87' lang='lat' dir='ltr'>est.</span> <span class='ocrx_word' id='word_1_355' title='bbox 1178 2746 1211 2805; x_wconf 92' lang='lat' dir='ltr'>ln</span> <span class='ocrx_word' id='word_1_356' title='bbox 1224 2749 1280 2806; x_wconf 86' lang='lat' dir='ltr'>line</span> <span class='ocrx_word' id='word_1_357' title='bbox 1296 2768 1399 2809; x_wconf 81' lang='lat' dir='ltr'>versus</span> <span class='ocrx_word' id='word_1_358' title='bbox 1414 2771 1482 2832; x_wconf 88' lang='lat' dir='ltr'>pars</span> <span class='ocrx_word' id='word_1_359' title='bbox 1494 2752 1680 2831; x_wconf 69' lang='lat' dir='ltr'>membrana,</span> 
     </span>
    </p>

    <p class='ocr_par' dir='ltr' id='par_1_19' title="bbox 105 2840 1679 2922">
     <span class='ocr_line' id='line_1_26' title="bbox 105 2840 1679 2922; baseline 0.01 -26"><span class='ocrx_word' id='word_1_360' title='bbox 105 2840 188 2898; x_wconf 85' lang='lat' dir='ltr'>unius</span> <span class='ocrx_word' id='word_1_361' title='bbox 199 2843 239 2901; x_wconf 86' lang='lat' dir='ltr'>rcl</span> <span class='ocrx_word' id='word_1_362' title='bbox 257 2846 377 2905; x_wconf 87' lang='lat' dir='ltr'>duorum</span> <span class='ocrx_word' id='word_1_363' title='bbox 402 2842 560 2902; x_wconf 77' lang='lat' dir='ltr'>uerborum</span> <span class='ocrx_word' id='word_1_364' title='bbox 582 2862 688 2921; x_wconf 88' lang='lat' dir='ltr'>capax,</span> <span class='ocrx_word' id='word_1_365' title='bbox 702 2843 801 2921; x_wconf 92' lang='lat' dir='ltr'>periit.</span> <span class='ocrx_word' id='word_1_366' title='bbox 820 2840 882 2911; x_wconf 83' lang='lat' dir='ltr'>Sub</span> <span class='ocrx_word' id='word_1_367' title='bbox 901 2860 974 2899; x_wconf 87' lang='lat' dir='ltr'>voce</span> <span class='ocrx_word' id='word_1_368' title='bbox 996 2840 1182 2921; x_wconf 77' lang='grc' dir='ltr'>Ἀριστοδήμου</span> <span class='ocrx_word' id='word_1_369' title='bbox 1202 2843 1314 2922; x_wconf 87' lang='lat' dir='ltr'>aliquid</span> <span class='ocrx_word' id='word_1_370' title='bbox 1331 2864 1445 2906; x_wconf 87' lang='lat' dir='ltr'>erasum</span> <span class='ocrx_word' id='word_1_371' title='bbox 1469 2868 1533 2908; x_wconf 89' lang='lat' dir='ltr'>esse</span> <span class='ocrx_word' id='word_1_372' title='bbox 1552 2849 1679 2913; x_wconf 88' lang='lat' dir='ltr'>videtur.</span> 
     </span>
    </p>

    <p class='ocr_par' dir='ltr' id='par_1_20' title="bbox 82 2936 1733 4377">
     <span class='ocr_line' id='line_1_27' title="bbox 106 2936 1733 3024; baseline 0.009 -31"><span class='ocrx_word' id='word_1_373' title='bbox 106 2936 270 3000; x_wconf 80' lang='lat' dir='ltr'>Litemxita</span> <span class='ocrx_word' id='word_1_374' title='bbox 282 2955 418 3002; x_wconf 86' lang='lat' dir='ltr'>exaratur</span> <span class='ocrx_word' id='word_1_375' title='bbox 431 2952 465 2999; x_wconf 89' lang='lat' dir='ltr'>ut</span> <span class='ocrx_word' id='word_1_376' title='bbox 481 2960 568 3000; x_wconf 88' lang='lat' dir='ltr'>voces</span> <span class='ocrx_word' id='word_1_377' title='bbox 589 2940 634 2999; x_wconf 79' lang='grc' dir='ltr'>καὶ</span> <span class='ocrx_word' id='word_1_378' title='bbox 650 2940 726 2999; x_wconf 91' lang='lat' dir='ltr'>hanc</span> <span class='ocrx_word' id='word_1_379' title='bbox 746 2940 805 2998; x_wconf 86' lang='lat' dir='ltr'>lere</span> <span class='ocrx_word' id='word_1_380' title='bbox 826 2940 949 2997; x_wconf 86' lang='lat' dir='ltr'>sormam</span> <span class='ocrx_word' id='word_1_381' title='bbox 965 2958 1024 3015; x_wconf 84' lang='lat' dir='ltr'>prae</span> <span class='ocrx_word' id='word_1_382' title='bbox 1048 2957 1079 2996; x_wconf 87' lang='lat' dir='ltr'>se</span> <span class='ocrx_word' id='word_1_383' title='bbox 1098 2939 1192 2997; x_wconf 85' lang='lat' dir='ltr'>serant</span> <span class='ocrx_word' id='word_1_384' title='bbox 1213 2963 1221 2997; x_wconf 74' lang='grc' dir='ltr'><strong><em>ε</em></strong></span> <span class='ocrx_word' id='word_1_385' title='bbox 1248 2940 1291 3008; x_wconf 59' lang='lat' dir='ltr'>d*-</span> <span class='ocrx_word' id='word_1_386' title='bbox 1309 2940 1415 3000; x_wconf 90' lang='lat' dir='ltr'>Eodem</span> <span class='ocrx_word' id='word_1_387' title='bbox 1443 2958 1536 3002; x_wconf 89' lang='lat' dir='ltr'>autem</span> <span class='ocrx_word' id='word_1_388' title='bbox 1562 2966 1683 3024; x_wconf 91' lang='lat' dir='ltr'>prorsus</span> <span class='ocrx_word' id='word_1_389' title='bbox 1727 2980 1733 2989; x_wconf 90' lang='lat'><strong>·</strong></span> 
     </span>
     <span class='ocr_line' id='line_1_28' title="bbox 100 3033 1683 3119; baseline 0.006 -26"><span class='ocrx_word' id='word_1_390' title='bbox 100 3034 186 3094; x_wconf 81' lang='lat' dir='ltr'>nodo</span> <span class='ocrx_word' id='word_1_391' title='bbox 199 3036 274 3097; x_wconf 86' lang='lat' dir='ltr'>litera</span> <span class='ocrx_word' id='word_1_392' title='bbox 293 3040 405 3117; x_wconf 90' lang='lat' dir='ltr'>scripta</span> <span class='ocrx_word' id='word_1_393' title='bbox 423 3051 465 3097; x_wconf 91' lang='lat' dir='ltr'>est</span> <span class='ocrx_word' id='word_1_394' title='bbox 487 3040 518 3097; x_wconf 95' lang='lat' dir='ltr'>in</span> <span class='ocrx_word' id='word_1_395' title='bbox 542 3039 694 3115; x_wconf 75' lang='lat' dir='ltr'>praeceptis</span> <span class='ocrx_word' id='word_1_396' title='bbox 713 3036 834 3096; x_wconf 90' lang='lat' dir='ltr'>medicis</span> <span class='ocrx_word' id='word_1_397' title='bbox 859 3035 973 3113; x_wconf 76' lang='lat' dir='ltr'>paginae</span> <span class='ocrx_word' id='word_1_398' title='bbox 997 3033 1205 3096; x_wconf 86' lang='lat' dir='ltr'>antecedentis.</span> <span class='ocrx_word' id='word_1_399' title='bbox 1228 3036 1303 3094; x_wconf 90' lang='lat' dir='ltr'>lliuc</span> <span class='ocrx_word' id='word_1_400' title='bbox 1326 3039 1468 3115; x_wconf 90' lang='lat' dir='ltr'>proclivis</span> <span class='ocrx_word' id='word_1_401' title='bbox 1489 3041 1618 3119; x_wconf 91' lang='lat' dir='ltr'>suspicio</span> <span class='ocrx_word' id='word_1_402' title='bbox 1639 3058 1683 3103; x_wconf 90' lang='lat' dir='ltr'>est</span> 
     </span>
     <span class='ocr_line' id='line_1_29' title="bbox 95 3130 1683 3217; baseline 0.005 -26"><span class='ocrx_word' id='word_1_403' title='bbox 95 3132 185 3191; x_wconf 83' lang='lat' dir='ltr'>eidem</span> <span class='ocrx_word' id='word_1_404' title='bbox 198 3134 304 3196; x_wconf 88' lang='lat' dir='ltr'>bomini</span> <span class='ocrx_word' id='word_1_405' title='bbox 318 3137 372 3215; x_wconf 92' lang='lat' dir='ltr'>qui</span> <span class='ocrx_word' id='word_1_406' title='bbox 387 3135 501 3194; x_wconf 88' lang='lat' dir='ltr'>medica</span> <span class='ocrx_word' id='word_1_407' title='bbox 515 3135 565 3194; x_wconf 90' lang='lat' dir='ltr'>illa</span> <span class='ocrx_word' id='word_1_408' title='bbox 577 3134 675 3206; x_wconf 83' lang='lat' dir='ltr'>dedit,</span> <span class='ocrx_word' id='word_1_409' title='bbox 691 3134 777 3192; x_wconf 91' lang='lat' dir='ltr'>etiam</span> <span class='ocrx_word' id='word_1_410' title='bbox 794 3133 918 3208; x_wconf 79' lang='lat' dir='ltr'>signaret</span> <span class='ocrx_word' id='word_1_411' title='bbox 933 3131 1048 3189; x_wconf 90' lang='lat' dir='ltr'>notulas</span> <span class='ocrx_word' id='word_1_412' title='bbox 1057 3130 1103 3188; x_wconf 85' lang='lat' dir='ltr'>vel</span> <span class='ocrx_word' id='word_1_413' title='bbox 1112 3131 1325 3210; x_wconf 77' lang='lat' dir='ltr'>inscriptiones</span> <span class='ocrx_word' id='word_1_414' title='bbox 1343 3131 1461 3206; x_wconf 89' lang='lat' dir='ltr'>deberi,</span> <span class='ocrx_word' id='word_1_415' title='bbox 1472 3134 1581 3212; x_wconf 91' lang='lat' dir='ltr'>quibus</span> <span class='ocrx_word' id='word_1_416' title='bbox 1595 3138 1683 3217; x_wconf 85' lang='lat' dir='ltr'>ru&#39;pta</span> 
     </span>
     <span class='ocr_line' id='line_1_30' title="bbox 95 3222 1680 3308; baseline 0.004 -20"><span class='ocrx_word' id='word_1_417' title='bbox 95 3229 199 3290; x_wconf 84' lang='lat' dir='ltr'>codicis</span> <span class='ocrx_word' id='word_1_418' title='bbox 221 3232 356 3292; x_wconf 86' lang='lat' dir='ltr'>intestina</span> <span class='ocrx_word' id='word_1_419' title='bbox 376 3236 552 3292; x_wconf 85' lang='lat' dir='ltr'>sarciuntur.</span> <span class='ocrx_word' id='word_1_420' title='bbox 574 3231 663 3307; x_wconf 85' lang='lat' dir='ltr'>Signo</span> <span class='ocrx_word' id='word_1_421' title='bbox 684 3243 791 3289; x_wconf 86' lang='lat' dir='ltr'>nostrae</span> <span class='ocrx_word' id='word_1_422' title='bbox 814 3228 928 3307; x_wconf 73' lang='lat' dir='ltr'>pagina</span> <span class='ocrx_word' id='word_1_423' title='bbox 957 3227 1079 3305; x_wconf 77' lang='lat' dir='ltr'>praefixo</span> <span class='ocrx_word' id='word_1_424' title='bbox 1098 3222 1260 3303; x_wconf 75' lang='lat' dir='ltr'>relegamur</span> <span class='ocrx_word' id='word_1_425' title='bbox 1280 3228 1315 3287; x_wconf 89' lang='lat' dir='ltr'>ad</span> <span class='ocrx_word' id='word_1_426' title='bbox 1330 3229 1480 3308; x_wconf 88' lang='lat' dir='ltr'>deperdita</span> <span class='ocrx_word' id='word_1_427' title='bbox 1494 3251 1573 3291; x_wconf 91' lang='lat' dir='ltr'>nunc</span> <span class='ocrx_word' id='word_1_428' title='bbox 1594 3234 1680 3308; x_wconf 85' lang='lat' dir='ltr'>lolia,</span> 
     </span>
     <span class='ocr_line' id='line_1_31' title="bbox 94 3322 1681 3408; baseline 0.002 -22"><span class='ocrx_word' id='word_1_429' title='bbox 94 3324 143 3386; x_wconf 81' lang='lat' dir='ltr'>ahi</span> <span class='ocrx_word' id='word_1_430' title='bbox 167 3329 323 3389; x_wconf 74' lang='lat' dir='ltr'>namatium</span> <span class='ocrx_word' id='word_1_431' title='bbox 344 3330 520 3408; x_wconf 85' lang='lat' dir='ltr'>interposito</span> <span class='ocrx_word' id='word_1_432' title='bbox 534 3327 705 3386; x_wconf 86' lang='lat' dir='ltr'>Philostrati</span> <span class='ocrx_word' id='word_1_433' title='bbox 720 3325 787 3383; x_wconf 89' lang='lat' dir='ltr'>loco</span> <span class='ocrx_word' id='word_1_434' title='bbox 802 3323 935 3401; x_wconf 79' lang='lat' dir='ltr'>abruptae</span> <span class='ocrx_word' id='word_1_435' title='bbox 947 3322 1127 3400; x_wconf 88' lang='lat' dir='ltr'>adscriptum</span> <span class='ocrx_word' id='word_1_436' title='bbox 1141 3322 1292 3398; x_wconf 78' lang='lat' dir='ltr'>legebatur</span> <span class='ocrx_word' id='word_1_437' title='bbox 1308 3345 1315 3380; x_wconf 75' lang='grc' dir='ltr'>τ</span> <span class='ocrx_word' id='word_1_438' title='bbox 1336 3322 1415 3395; x_wconf 82' lang='grc' dir='ltr'>Ζήτιι</span> <span class='ocrx_word' id='word_1_439' title='bbox 1432 3325 1462 3384; x_wconf 85' lang='grc' dir='ltr'>τὸ</span> <span class='ocrx_word' id='word_1_440' title='bbox 1475 3327 1565 3385; x_wconf 79' lang='grc' dir='ltr'>λεῖπον</span> <span class='ocrx_word' id='word_1_441' title='bbox 1574 3327 1681 3389; x_wconf 72' lang='grc' dir='ltr'>ὄπισθεν</span> 
     </span>
     <span class='ocr_line' id='line_1_32' title="bbox 93 3419 1681 3499; baseline 0.001 -14"><span class='ocrx_word' id='word_1_442' title='bbox 93 3423 196 3499; x_wconf 67' lang='lat' dir='ltr'>viam,</span> <span class='ocrx_word' id='word_1_443' title='bbox 217 3426 277 3486; x_wconf 71' lang='lat' dir='ltr'>isla</span> <span class='ocrx_word' id='word_1_444' title='bbox 301 3427 411 3498; x_wconf 71' lang='grc' dir='ltr'>σηριῖον</span> <span class='ocrx_word' id='word_1_445' title='bbox 424 3430 500 3484; x_wconf 75' lang='grc' dir='ltr'>τοῦτο</span> <span class='ocrx_word' id='word_1_446' title='bbox 514 3447 529 3483; x_wconf 95' lang='grc' dir='ltr'>ο</span> <span class='ocrx_word' id='word_1_447' title='bbox 545 3455 577 3474; x_wconf 77' lang='lat'><em>-</em></span> <span class='ocrx_word' id='word_1_448' title='bbox 594 3433 631 3491; x_wconf 79' lang='lat'>&gt;&lt;</span> <span class='ocrx_word' id='word_1_449' title='bbox 644 3445 728 3494; x_wconf 86' lang='grc' dir='ltr'>-ο,</span> <span class='ocrx_word' id='word_1_450' title='bbox 741 3422 788 3479; x_wconf 85' lang='lat' dir='ltr'>vel</span> <span class='ocrx_word' id='word_1_451' title='bbox 803 3420 860 3478; x_wconf 88' lang='lat' dir='ltr'>tale</span> <span class='ocrx_word' id='word_1_452' title='bbox 883 3419 965 3497; x_wconf 92' lang='lat' dir='ltr'>quid.</span> <span class='ocrx_word' id='word_1_453' title='bbox 980 3419 1098 3479; x_wconf 88' lang='lat' dir='ltr'>luitium</span> <span class='ocrx_word' id='word_1_454' title='bbox 1123 3419 1274 3495; x_wconf 78' lang='lat' dir='ltr'>fragmenti</span> <span class='ocrx_word' id='word_1_455' title='bbox 1290 3422 1507 3499; x_wconf 55' lang='lat' dir='ltr'>superstitis’in</span> <span class='ocrx_word' id='word_1_456' title='bbox 1528 3427 1681 3486; x_wconf 81' lang='lat' dir='ltr'>narrandis</span> 
     </span>
     <span class='ocr_line' id='line_1_33' title="bbox 92 3515 1681 3601; baseline 0.003 -22"><span class='ocrx_word' id='word_1_457' title='bbox 92 3520 174 3582; x_wconf 84' lang='lat' dir='ltr'>rebus</span> <span class='ocrx_word' id='word_1_458' title='bbox 196 3536 327 3584; x_wconf 81' lang='lat' dir='ltr'>versatur</span> <span class='ocrx_word' id='word_1_459' title='bbox 346 3543 413 3601; x_wconf 81' lang='lat' dir='ltr'>quae</span> <span class='ocrx_word' id='word_1_460' title='bbox 439 3523 572 3601; x_wconf 82' lang='lat' dir='ltr'>proxime</span> <span class='ocrx_word' id='word_1_461' title='bbox 593 3517 795 3600; x_wconf 71' lang='lat' dir='ltr'>precedebant</span> <span class='ocrx_word' id='word_1_462' title='bbox 827 3535 954 3594; x_wconf 81' lang='lat' dir='ltr'>pugnam</span> <span class='ocrx_word' id='word_1_463' title='bbox 976 3515 1175 3578; x_wconf 87' lang='lat' dir='ltr'>Salaminiam.</span> <span class='ocrx_word' id='word_1_464' title='bbox 1194 3516 1252 3574; x_wconf 83' lang='lat' dir='ltr'>llas</span> <span class='ocrx_word' id='word_1_465' title='bbox 1283 3529 1311 3574; x_wconf 91' lang='lat' dir='ltr'>et</span> <span class='ocrx_word' id='word_1_466' title='bbox 1333 3515 1501 3581; x_wconf 86' lang='lat' dir='ltr'>subsecutas</span> <span class='ocrx_word' id='word_1_467' title='bbox 1526 3540 1619 3600; x_wconf 88' lang='lat' dir='ltr'>usque</span> <span class='ocrx_word' id='word_1_468' title='bbox 1643 3524 1681 3583; x_wconf 88' lang='lat' dir='ltr'>ad</span> 
     </span>
     <span class='ocr_line' id='line_1_34' title="bbox 89 3610 1678 3699; baseline 0.002 -22"><span class='ocrx_word' id='word_1_469' title='bbox 89 3619 219 3696; x_wconf 78' lang='lat' dir='ltr'>proelium</span> <span class='ocrx_word' id='word_1_470' title='bbox 234 3620 400 3699; x_wconf 74' lang='lat' dir='ltr'>Mycalense</span> <span class='ocrx_word' id='word_1_471' title='bbox 415 3620 447 3677; x_wconf 92' lang='lat' dir='ltr'>in</span> <span class='ocrx_word' id='word_1_472' title='bbox 463 3618 540 3677; x_wconf 90' lang='lat' dir='ltr'>libro</span> <span class='ocrx_word' id='word_1_473' title='bbox 554 3615 733 3693; x_wconf 82' lang='lat' dir='ltr'>legebantur,</span> <span class='ocrx_word' id='word_1_474' title='bbox 749 3611 833 3690; x_wconf 82' lang='lat' dir='ltr'>qu&#39;us</span> <span class='ocrx_word' id='word_1_475' title='bbox 849 3613 917 3670; x_wconf 88' lang='lat' dir='ltr'>finis</span> <span class='ocrx_word' id='word_1_476' title='bbox 932 3623 1048 3670; x_wconf 89' lang='lat' dir='ltr'>notatur</span> <span class='ocrx_word' id='word_1_477' title='bbox 1061 3610 1092 3670; x_wconf 92' lang='lat' dir='ltr'>in</span> <span class='ocrx_word' id='word_1_478' title='bbox 1106 3613 1167 3670; x_wconf 90' lang='lat' dir='ltr'>imo</span> <span class='ocrx_word' id='word_1_479' title='bbox 1183 3611 1254 3671; x_wconf 82' lang='lat' dir='ltr'>solio</span> <span class='ocrx_word' id='word_1_480' title='bbox 1267 3613 1305 3681; x_wconf 70' lang='lat'>84</span> <span class='ocrx_word' id='word_1_481' title='bbox 1323 3626 1408 3687; x_wconf 65' lang='lat' dir='ltr'>rect„</span> <span class='ocrx_word' id='word_1_482' title='bbox 1420 3614 1472 3673; x_wconf 89' lang='lat' dir='ltr'>ubi</span> <span class='ocrx_word' id='word_1_483' title='bbox 1486 3635 1495 3676; x_wconf 77' lang='lat' dir='ltr'>s</span> <span class='ocrx_word' id='word_1_484' title='bbox 1511 3616 1584 3684; x_wconf 81' lang='grc' dir='ltr'>τέλος</span> <span class='ocrx_word' id='word_1_485' title='bbox 1603 3623 1678 3681; x_wconf 57' lang='lat' dir='ltr'>coil.</span> 
     </span>
     <span class='ocr_line' id='line_1_35' title="bbox 88 3706 1678 3794; baseline 0.001 -21"><span class='ocrx_word' id='word_1_486' title='bbox 88 3712 400 3777; x_wconf 76' lang='lat' dir='ltr'>inferioreslitcrarum</span> <span class='ocrx_word' id='word_1_487' title='bbox 414 3727 511 3794; x_wconf 85' lang='lat' dir='ltr'>partes</span> <span class='ocrx_word' id='word_1_488' title='bbox 525 3714 619 3773; x_wconf 90' lang='lat' dir='ltr'>cultro</span> <span class='ocrx_word' id='word_1_489' title='bbox 631 3712 808 3790; x_wconf 85' lang='lat' dir='ltr'>bibliopegae</span> <span class='ocrx_word' id='word_1_490' title='bbox 823 3709 965 3788; x_wconf 79' lang='lat' dir='ltr'>praecisae3</span> <span class='ocrx_word' id='word_1_491' title='bbox 975 3727 1111 3766; x_wconf 88' lang='lat' dir='ltr'>numerus</span> <span class='ocrx_word' id='word_1_492' title='bbox 1125 3706 1195 3766; x_wconf 92' lang='lat' dir='ltr'>libri</span> <span class='ocrx_word' id='word_1_493' title='bbox 1206 3708 1256 3785; x_wconf 90' lang='lat' dir='ltr'>qui</span> <span class='ocrx_word' id='word_1_494' title='bbox 1274 3709 1361 3768; x_wconf 88' lang='lat' dir='ltr'>fuerit</span> <span class='ocrx_word' id='word_1_495' title='bbox 1374 3714 1480 3770; x_wconf 90' lang='lat' dir='ltr'>certius</span> <span class='ocrx_word' id='word_1_496' title='bbox 1493 3712 1554 3772; x_wconf 92' lang='lat' dir='ltr'>dici</span> <span class='ocrx_word' id='word_1_497' title='bbox 1569 3717 1678 3792; x_wconf 91' lang='lat' dir='ltr'>nequit,</span> 
     </span>
     <span class='ocr_line' id='line_1_36' title="bbox 87 3804 1679 3891; baseline 0.001 -21"><span class='ocrx_word' id='word_1_498' title='bbox 87 3830 173 3888; x_wconf 75' lang='lat' dir='ltr'>qaum</span> <span class='ocrx_word' id='word_1_499' title='bbox 188 3814 376 3874; x_wconf 86' lang='lat' dir='ltr'>tenuissimus</span> <span class='ocrx_word' id='word_1_500' title='bbox 389 3811 573 3871; x_wconf 90' lang='lat' dir='ltr'>solummodo</span> <span class='ocrx_word' id='word_1_501' title='bbox 588 3828 673 3888; x_wconf 86' lang='lat' dir='ltr'>apex·</span> <span class='ocrx_word' id='word_1_502' title='bbox 687 3821 820 3868; x_wconf 82' lang='lat' dir='ltr'>serratus</span> <span class='ocrx_word' id='word_1_503' title='bbox 833 3811 883 3880; x_wconf 88' lang='lat' dir='ltr'>sit;</span> <span class='ocrx_word' id='word_1_504' title='bbox 900 3805 923 3864; x_wconf 85' lang='grc' dir='ltr'>δ’</span> <span class='ocrx_word' id='word_1_505' title='bbox 939 3806 1027 3864; x_wconf 85' lang='lat' dir='ltr'>luisse</span> <span class='ocrx_word' id='word_1_506' title='bbox 1041 3804 1215 3865; x_wconf 88' lang='lat' dir='ltr'>Wescherus</span> <span class='ocrx_word' id='word_1_507' title='bbox 1237 3818 1341 3867; x_wconf 87' lang='lat' dir='ltr'>censet.</span> <span class='ocrx_word' id='word_1_508' title='bbox 1356 3811 1392 3866; x_wconf 93' lang='lat' dir='ltr'>In</span> <span class='ocrx_word' id='word_1_509' title='bbox 1413 3822 1551 3887; x_wconf 90' lang='lat' dir='ltr'>sequente</span> <span class='ocrx_word' id='word_1_510' title='bbox 1574 3814 1679 3891; x_wconf 86' lang='lat' dir='ltr'>pagina</span> 
     </span>
     <span class='ocr_line' id='line_1_37' title="bbox 85 3901 1678 3988; baseline 0.001 -21"><span class='ocrx_word' id='word_1_511' title='bbox 85 3926 170 3987; x_wconf 79' lang='lat' dir='ltr'>supra</span> <span class='ocrx_word' id='word_1_512' title='bbox 191 3910 320 3988; x_wconf 88' lang='lat' dir='ltr'>primum</span> <span class='ocrx_word' id='word_1_513' title='bbox 341 3927 460 3967; x_wconf 85' lang='lat' dir='ltr'>versum</span> <span class='ocrx_word' id='word_1_514' title='bbox 482 3909 624 3985; x_wconf 88' lang='lat' dir='ltr'>scriptum</span> <span class='ocrx_word' id='word_1_515' title='bbox 645 3905 778 3966; x_wconf 75' lang='lat' dir='ltr'>eratzTh</span> <span class='ocrx_word' id='word_1_516' title='bbox 798 3917 826 3963; x_wconf 86' lang='lat' dir='ltr'>ct</span> <span class='ocrx_word' id='word_1_517' title='bbox 846 3921 985 3963; x_wconf 88' lang='lat' dir='ltr'>numerus</span> <span class='ocrx_word' id='word_1_518' title='bbox 1010 3901 1082 3960; x_wconf 90' lang='lat' dir='ltr'>libri</span> <span class='ocrx_word' id='word_1_519' title='bbox 1107 3902 1265 3977; x_wconf 89' lang='lat' dir='ltr'>sequentis.</span> <span class='ocrx_word' id='word_1_520' title='bbox 1283 3901 1330 3961; x_wconf 92' lang='lat' dir='ltr'>lbi</span> <span class='ocrx_word' id='word_1_521' title='bbox 1353 3907 1504 3984; x_wconf 87' lang='lat' dir='ltr'>superiora</span> <span class='ocrx_word' id='word_1_522' title='bbox 1528 3907 1678 3969; x_wconf 88' lang='lat' dir='ltr'>literarum</span> 
     </span>
     <span class='ocr_line' id='line_1_38' title="bbox 86 3997 1678 4085; baseline -0.001 -20"><span class='ocrx_word' id='word_1_523' title='bbox 86 4004 205 4066; x_wconf 75' lang='lat' dir='ltr'>abscisa.</span> <span class='ocrx_word' id='word_1_524' title='bbox 215 4005 335 4065; x_wconf 85' lang='lat' dir='ltr'>Numeri</span> <span class='ocrx_word' id='word_1_525' title='bbox 346 4024 416 4085; x_wconf 90' lang='lat' dir='ltr'>pars</span> <span class='ocrx_word' id='word_1_526' title='bbox 427 4004 579 4063; x_wconf 78' lang='lat' dir='ltr'>inferiora</span> <span class='ocrx_word' id='word_1_527' title='bbox 592 4002 746 4062; x_wconf 87' lang='lat' dir='ltr'>Weschero</span> <span class='ocrx_word' id='word_1_528' title='bbox 759 4001 795 4060; x_wconf 94' lang='lat' dir='ltr'>ad</span> <span class='ocrx_word' id='word_1_529' title='bbox 807 3999 829 4059; x_wconf 84' lang='grc' dir='ltr'>ι’</span> <span class='ocrx_word' id='word_1_530' title='bbox 841 4002 966 4059; x_wconf 74' lang='lat' dir='ltr'>refertur</span> <span class='ocrx_word' id='word_1_531' title='bbox 977 4000 1145 4074; x_wconf 86' lang='lat' dir='ltr'>conjectura</span> <span class='ocrx_word' id='word_1_532' title='bbox 1158 3997 1257 4060; x_wconf 91' lang='lat' dir='ltr'>dubia.</span> <span class='ocrx_word' id='word_1_533' title='bbox 1276 3999 1389 4059; x_wconf 88' lang='lat' dir='ltr'>Deinde</span> <span class='ocrx_word' id='word_1_534' title='bbox 1402 4002 1433 4061; x_wconf 92' lang='lat' dir='ltr'>iu</span> <span class='ocrx_word' id='word_1_535' title='bbox 1447 3999 1546 4062; x_wconf 89' lang='lat' dir='ltr'>medio</span> <span class='ocrx_word' id='word_1_536' title='bbox 1555 4003 1626 4064; x_wconf 86' lang='lat' dir='ltr'>solio</span> <span class='ocrx_word' id='word_1_537' title='bbox 1641 4028 1678 4084; x_wconf 81' lang='lat'>97</span> 
     </span>
     <span class='ocr_line' id='line_1_39' title="bbox 85 4096 1678 4182; baseline 0.001 -22"><span class='ocrx_word' id='word_1_538' title='bbox 85 4102 229 4182; x_wconf 80' lang='lat' dir='ltr'>interponi</span> <span class='ocrx_word' id='word_1_539' title='bbox 244 4103 340 4161; x_wconf 88' lang='lat' dir='ltr'>locum</span> <span class='ocrx_word' id='word_1_540' title='bbox 362 4101 533 4160; x_wconf 88' lang='lat' dir='ltr'>Philostrati</span> <span class='ocrx_word' id='word_1_541' title='bbox 548 4120 637 4178; x_wconf 88' lang='lat' dir='ltr'>supra</span> <span class='ocrx_word' id='word_1_542' title='bbox 647 4100 710 4177; x_wconf 87' lang='lat' dir='ltr'>J&#39;am</span> <span class='ocrx_word' id='word_1_543' title='bbox 726 4098 838 4157; x_wconf 89' lang='lat' dir='ltr'>monui.</span> <span class='ocrx_word' id='word_1_544' title='bbox 851 4096 923 4157; x_wconf 91' lang='lat' dir='ltr'>Post</span> <span class='ocrx_word' id='word_1_545' title='bbox 935 4116 1000 4155; x_wconf 90' lang='lat' dir='ltr'>eum</span> <span class='ocrx_word' id='word_1_546' title='bbox 1017 4097 1175 4154; x_wconf 82' lang='lat' dir='ltr'>resumitur</span> <span class='ocrx_word' id='word_1_547' title='bbox 1187 4096 1318 4154; x_wconf 86' lang='lat' dir='ltr'>narratio</span> <span class='ocrx_word' id='word_1_548' title='bbox 1336 4096 1373 4156; x_wconf 87' lang='lat' dir='ltr'>de</span> <span class='ocrx_word' id='word_1_549' title='bbox 1394 4097 1481 4158; x_wconf 87' lang='lat' dir='ltr'>rebus</span> <span class='ocrx_word' id='word_1_550' title='bbox 1493 4098 1678 4176; x_wconf 73' lang='lat' dir='ltr'>Graecorum,</span> 
     </span>
     <span class='ocr_line' id='line_1_40' title="bbox 84 4191 1681 4277; baseline 0.001 -19"><span class='ocrx_word' id='word_1_551' title='bbox 84 4218 146 4276; x_wconf 78' lang='lat' dir='ltr'>qaae</span> <span class='ocrx_word' id='word_1_552' title='bbox 170 4200 359 4259; x_wconf 75' lang='lat' dir='ltr'>conduratur</span> <span class='ocrx_word' id='word_1_553' title='bbox 381 4197 526 4275; x_wconf 89' lang='lat' dir='ltr'>usquead</span> <span class='ocrx_word' id='word_1_554' title='bbox 552 4197 639 4255; x_wconf 87' lang='lat' dir='ltr'>linem</span> <span class='ocrx_word' id='word_1_555' title='bbox 667 4195 732 4254; x_wconf 86' lang='lat' dir='ltr'>lolii</span> <span class='ocrx_word' id='word_1_556' title='bbox 758 4194 808 4270; x_wconf 83' lang='lat'>87,</span> <span class='ocrx_word' id='word_1_557' title='bbox 832 4191 883 4251; x_wconf 91' lang='lat' dir='ltr'>uhi</span> <span class='ocrx_word' id='word_1_558' title='bbox 906 4195 937 4251; x_wconf 93' lang='lat' dir='ltr'>in</span> <span class='ocrx_word' id='word_1_559' title='bbox 965 4193 1147 4273; x_wconf 90' lang='lat' dir='ltr'>expositione</span> <span class='ocrx_word' id='word_1_560' title='bbox 1171 4212 1325 4253; x_wconf 89' lang='lat' dir='ltr'>causarum</span> <span class='ocrx_word' id='word_1_561' title='bbox 1349 4192 1421 4255; x_wconf 90' lang='lat' dir='ltr'>belli</span> <span class='ocrx_word' id='word_1_562' title='bbox 1439 4195 1681 4277; x_wconf 81' lang='lat' dir='ltr'>Peloponnesiaci</span> 
     </span>
     <span class='ocr_line' id='line_1_41' title="bbox 82 4295 276 4377; baseline -0.016 -20"><span class='ocrx_word' id='word_1_563' title='bbox 82 4295 276 4377; x_wconf 68' lang='lat' dir='ltr'>shumpitur.</span> 
     </span>
    </p>

    <p class='ocr_par' dir='ltr' id='par_1_21' title="bbox 79 4358 1713 4766">
     <span class='ocr_line' id='line_1_42' title="bbox 119 4358 1679 4472; baseline 0.001 -21"><span class='ocrx_word' id='word_1_564' title='bbox 119 4391 321 4472; x_wconf 73' lang='lat' dir='ltr'>Fragmentum</span> <span class='ocrx_word' id='word_1_565' title='bbox 336 4393 393 4452; x_wconf 90' lang='lat' dir='ltr'>hoc</span> <span class='ocrx_word' id='word_1_566' title='bbox 413 4358 591 4451; x_wconf 79' lang='lat' dir='ltr'>Aristodemi</span> <span class='ocrx_word' id='word_1_567' title='bbox 605 4388 756 4467; x_wconf 90' lang='lat' dir='ltr'>cujusdam</span> <span class='ocrx_word' id='word_1_568' title='bbox 766 4387 901 4448; x_wconf 86' lang='lat' dir='ltr'>historici</span> <span class='ocrx_word' id='word_1_569' title='bbox 912 4406 975 4446; x_wconf 89' lang='lat' dir='ltr'>esse</span> <span class='ocrx_word' id='word_1_570' title='bbox 984 4407 1019 4445; x_wconf 90' lang='lat' dir='ltr'>ex</span> <span class='ocrx_word' id='word_1_571' title='bbox 1029 4386 1196 4466; x_wconf 84' lang='lat' dir='ltr'>praefixis&#39;</span> <span class='ocrx_word' id='word_1_572' title='bbox 1170 4407 1199 4447; x_wconf 83' lang='lat' dir='ltr'>er</span> <span class='ocrx_word' id='word_1_573' title='bbox 1213 4387 1312 4448; x_wconf 82' lang='lat' dir='ltr'>verbis</span> <span class='ocrx_word' id='word_1_574' title='bbox 1325 4389 1518 4468; x_wconf 88' lang='lat' dir='ltr'>probabiliter</span> <span class='ocrx_word' id='word_1_575' title='bbox 1528 4394 1587 4452; x_wconf 84' lang='lat' dir='ltr'>viri</span> <span class='ocrx_word' id='word_1_576' title='bbox 1601 4393 1679 4452; x_wconf 89' lang='lat' dir='ltr'>docti</span> 
     </span>
     <span class='ocr_line' id='line_1_43' title="bbox 83 4483 1713 4575; baseline -0.001 -25"><span class='ocrx_word' id='word_1_577' title='bbox 83 4491 232 4570; x_wconf 78' lang='lat' dir='ltr'>collegisse</span> <span class='ocrx_word' id='word_1_578' title='bbox 258 4489 454 4568; x_wconf 72' lang='lat' dir='ltr'>videntur(⁸).</span> <span class='ocrx_word' id='word_1_579' title='bbox 470 4487 651 4566; x_wconf 80' lang='lat' dir='ltr'>Quamquam</span> <span class='ocrx_word' id='word_1_580' title='bbox 669 4505 704 4544; x_wconf 90' lang='lat' dir='ltr'>ea</span> <span class='ocrx_word' id='word_1_581' title='bbox 726 4483 817 4543; x_wconf 85' lang='lat' dir='ltr'>verba</span> <span class='ocrx_word' id='word_1_582' title='bbox 834 4504 893 4543; x_wconf 92' lang='lat' dir='ltr'>non</span> <span class='ocrx_word' id='word_1_583' title='bbox 915 4487 953 4541; x_wconf 90' lang='lat' dir='ltr'>ita</span> <span class='ocrx_word' id='word_1_584' title='bbox 966 4484 1074 4543; x_wconf 81' lang='lat' dir='ltr'>liabent</span> <span class='ocrx_word' id='word_1_585' title='bbox 1094 4498 1125 4544; x_wconf 93' lang='lat' dir='ltr'>ut</span> <span class='ocrx_word' id='word_1_586' title='bbox 1139 4485 1252 4575; x_wconf 85' lang='lat' dir='ltr'>nullum</span> <span class='ocrx_word' id='word_1_587' title='bbox 1273 4484 1450 4547; x_wconf 85' lang='lat' dir='ltr'>dubitationi</span> <span class='ocrx_word' id='word_1_588' title='bbox 1470 4488 1565 4547; x_wconf 92' lang='lat' dir='ltr'>locum</span> <span class='ocrx_word' id='word_1_589' title='bbox 1585 4490 1679 4549; x_wconf 87' lang='lat' dir='ltr'>relin-</span> <span class='ocrx_word' id='word_1_590' title='bbox 1710 4555 1713 4559; x_wconf 41' lang='grc'><strong>,</strong></span> 
     </span>
     <span class='ocr_line' id='line_1_44' title="bbox 82 4578 1680 4665; baseline -0.002 -19"><span class='ocrx_word' id='word_1_591' title='bbox 82 4602 179 4665; x_wconf 84' lang='lat' dir='ltr'>quant.</span> <span class='ocrx_word' id='word_1_592' title='bbox 193 4588 326 4649; x_wconf 84' lang='lat' dir='ltr'>Utnunc</span> <span class='ocrx_word' id='word_1_593' title='bbox 340 4586 530 4658; x_wconf 86' lang='lat' dir='ltr'>exhibentur,</span> <span class='ocrx_word' id='word_1_594' title='bbox 544 4602 633 4643; x_wconf 88' lang='lat' dir='ltr'>sensu</span> <span class='ocrx_word' id='word_1_595' title='bbox 651 4594 761 4643; x_wconf 90' lang='lat' dir='ltr'>carent.</span> <span class='ocrx_word' id='word_1_596' title='bbox 789 4580 1010 4660; x_wconf 83' lang='lat' dir='ltr'>Exspectabas.</span> <span class='ocrx_word' id='word_1_597' title='bbox 1026 4580 1098 4652; x_wconf 80' lang='grc' dir='ltr'>ζητει</span> <span class='ocrx_word' id='word_1_598' title='bbox 1112 4578 1199 4641; x_wconf 80' lang='lat' dir='ltr'>vell</span> <span class='ocrx_word' id='word_1_599' title='bbox 1175 4580 1222 4641; x_wconf 80' lang='lat' dir='ltr'>ll</span> <span class='ocrx_word' id='word_1_600' title='bbox 1200 4605 1229 4640; x_wconf 88' lang='grc' dir='ltr'>ου</span> <span class='ocrx_word' id='word_1_601' title='bbox 1244 4581 1275 4641; x_wconf 78' lang='grc' dir='ltr'>τὸ</span> <span class='ocrx_word' id='word_1_602' title='bbox 1290 4590 1415 4660; x_wconf 84' lang='grc' dir='ltr'>σημιῑον</span> <span class='ocrx_word' id='word_1_603' title='bbox 1429 4607 1505 4644; x_wconf 89' lang='grc' dir='ltr'>τουτο</span> <span class='ocrx_word' id='word_1_604' title='bbox 1498 4584 1576 4645; x_wconf 75' lang='grc' dir='ltr'>’ἐστι</span> <span class='ocrx_word' id='word_1_605' title='bbox 1591 4584 1680 4657; x_wconf 82' lang='grc' dir='ltr'>τοζτ·</span> 
     </span>
     <span class='ocr_line' id='line_1_45' title="bbox 79 4677 1676 4773; baseline -0.003 -29"><span class='ocrx_word' id='word_1_606' title='bbox 79 4686 200 4761; x_wconf 67' lang='lat' dir='ltr'>mipace</span> <span class='ocrx_word' id='word_1_607' title='bbox 222 4710 269 4745; x_wconf 84' lang='grc' dir='ltr'>του</span> <span class='ocrx_word' id='word_1_608' title='bbox 252 4683 488 4766; x_wconf 73' lang='grc' dir='ltr'>Ἀριστοδήμου,</span> <span class='ocrx_word' id='word_1_609' title='bbox 508 4694 578 4742; x_wconf 84' lang='lat' dir='ltr'>aut:</span> <span class='ocrx_word' id='word_1_610' title='bbox 592 4678 700 4741; x_wconf 73' lang='grc' dir='ltr'>κατὰ</span> <span class='ocrx_word' id='word_1_611' title='bbox 676 4703 706 4739; x_wconf 90' lang='grc' dir='ltr'>το</span> <span class='ocrx_word' id='word_1_612' title='bbox 719 4679 827 4755; x_wconf 79' lang='grc' dir='ltr'>σημεῖον</span> <span class='ocrx_word' id='word_1_613' title='bbox 842 4701 905 4737; x_wconf 85' lang='grc' dir='ltr'>τουτ</span> <span class='ocrx_word' id='word_1_614' title='bbox 871 4678 921 4738; x_wconf 58' lang='lat'>&#39;²6</span> <span class='ocrx_word' id='word_1_615' title='bbox 930 4679 986 4737; x_wconf 76' lang='grc' dir='ltr'>ἐστι</span> <span class='ocrx_word' id='word_1_616' title='bbox 997 4677 1062 4748; x_wconf 62' lang='lat' dir='ltr'>chi.</span> <span class='ocrx_word' id='word_1_617' title='bbox 1077 4691 1133 4740; x_wconf 91' lang='lat' dir='ltr'>etc.</span> <span class='ocrx_word' id='word_1_618' title='bbox 1150 4678 1251 4757; x_wconf 88' lang='lat' dir='ltr'>ltaque</span> <span class='ocrx_word' id='word_1_619' title='bbox 1265 4681 1364 4739; x_wconf 87' lang='lat' dir='ltr'>nescio</span> <span class='ocrx_word' id='word_1_620' title='bbox 1384 4700 1421 4739; x_wconf 91' lang='lat' dir='ltr'>an</span> <span class='ocrx_word' id='word_1_621' title='bbox 1442 4680 1543 4759; x_wconf 89' lang='lat' dir='ltr'>quod</span> <span class='ocrx_word' id='word_1_622' title='bbox 1534 4701 1565 4739; x_wconf 93' lang='lat' dir='ltr'>1n</span> <span class='ocrx_word' id='word_1_623' title='bbox 1576 4681 1676 4773; x_wconf 79' lang='lat' dir='ltr'>codice</span> 
     </span>
    </p>
   </div>
   <div class='ocr_carea' id='block_1_16' title="bbox 74 4914 1679 5271">
    <p class='ocr_par' dir='ltr' id='par_1_22' title="bbox 74 4914 1679 5271">
     <span class='ocr_line' id='line_1_46' title="bbox 104 4914 1678 4991; baseline -0.002 -19"><span class='ocrx_word' id='word_1_624' title='bbox 104 4927 142 4991; x_wconf 61' lang='grc' dir='ltr'>φ’)</span> <span class='ocrx_word' id='word_1_625' title='bbox 155 4922 318 4991; x_wconf 71' lang='lat' dir='ltr'>zxdplnsdus</span> <span class='ocrx_word' id='word_1_626' title='bbox 331 4924 372 4971; x_wconf 85' lang='lat' dir='ltr'>est</span> <span class='ocrx_word' id='word_1_627' title='bbox 385 4918 477 4970; x_wconf 77' lang='lat' dir='ltr'>Musas.</span> <span class='ocrx_word' id='word_1_628' title='bbox 489 4918 514 4967; x_wconf 93' lang='lat' dir='ltr'>ls</span> <span class='ocrx_word' id='word_1_629' title='bbox 527 4917 551 4966; x_wconf 93' lang='lat' dir='ltr'>in</span> <span class='ocrx_word' id='word_1_630' title='bbox 566 4917 646 4967; x_wconf 86' lang='lat' dir='ltr'>iudice</span> <span class='ocrx_word' id='word_1_631' title='bbox 662 4930 737 4980; x_wconf 87' lang='lat' dir='ltr'>quem</span> <span class='ocrx_word' id='word_1_632' title='bbox 755 4915 834 4966; x_wconf 88' lang='lat' dir='ltr'>codici</span> <span class='ocrx_word' id='word_1_633' title='bbox 847 4915 962 4975; x_wconf 86' lang='lat' dir='ltr'>inseruit,</span> <span class='ocrx_word' id='word_1_634' title='bbox 977 4914 1082 4979; x_wconf 87' lang='lat' dir='ltr'>primam</span> <span class='ocrx_word' id='word_1_635' title='bbox 1101 4915 1230 4980; x_wconf 78' lang='lat' dir='ltr'>lmgmcmi</span> <span class='ocrx_word' id='word_1_636' title='bbox 1240 4920 1335 4980; x_wconf 82' lang='lat' dir='ltr'>partem</span> <span class='ocrx_word' id='word_1_637' title='bbox 1348 4917 1380 4976; x_wconf 80' lang='lat' dir='ltr'>(c.</span> <span class='ocrx_word' id='word_1_638' title='bbox 1396 4921 1421 4965; x_wconf 85' lang='lat' dir='ltr'>l·</span> <span class='ocrx_word' id='word_1_639' title='bbox 1410 4930 1446 4967; x_wconf 89' lang='lat' dir='ltr'>·.c</span> <span class='ocrx_word' id='word_1_640' title='bbox 1459 4921 1497 4976; x_wconf 81' lang='lat' dir='ltr'>to,</span> <span class='ocrx_word' id='word_1_641' title='bbox 1509 4916 1576 4967; x_wconf 77' lang='lat' dir='ltr'>lcd</span> <span class='ocrx_word' id='word_1_642' title='bbox 1590 4922 1678 4980; x_wconf 76' lang='lat' dir='ltr'>nostr.)</span> 
     </span>
     <span class='ocr_line' id='line_1_47' title="bbox 74 4985 1678 5054; baseline -0.005 -6"><span class='ocrx_word' id='word_1_643' title='bbox 74 4998 106 5048; x_wconf 70' lang='lat' dir='ltr'><strong>d</strong></span> <span class='ocrx_word' id='word_1_644' title='bbox 117 4997 253 5051; x_wconf 65' lang='lat' dir='ltr'>Chaonem</span> <span class='ocrx_word' id='word_1_645' title='bbox 264 4993 345 5046; x_wconf 75' lang='lat' dir='ltr'>referi</span> <span class='ocrx_word' id='word_1_646' title='bbox 358 4991 422 5051; x_wconf 72' lang='lat' dir='ltr'>(ros</span> <span class='ocrx_word' id='word_1_647' title='bbox 435 4991 615 5050; x_wconf 69' lang='grc' dir='ltr'>Λαμψακηνοῦ,</span> <span class='ocrx_word' id='word_1_648' title='bbox 623 4988 705 5049; x_wconf 76' lang='grc' dir='ltr'>οἶμαι,</span> <span class='ocrx_word' id='word_1_649' title='bbox 716 4985 947 5049; x_wconf 74' lang='grc' dir='ltr'>Χάρυνοοττμάχιον</span> <span class='ocrx_word' id='word_1_650' title='bbox 957 4988 1035 5035; x_wconf 70' lang='lat' dir='ltr'>tarot</span> <span class='ocrx_word' id='word_1_651' title='bbox 1047 4988 1098 5049; x_wconf 77' lang='grc' dir='ltr'>περὶ</span> <span class='ocrx_word' id='word_1_652' title='bbox 1110 4990 1209 5048; x_wconf 77' lang='grc' dir='ltr'>Περσῶν</span> <span class='ocrx_word' id='word_1_653' title='bbox 1216 4988 1346 5051; x_wconf 83' lang='grc' dir='ltr'>πολέμου),</span> <span class='ocrx_word' id='word_1_654' title='bbox 1358 4985 1452 5048; x_wconf 80' lang='lat' dir='ltr'>rquua</span> <span class='ocrx_word' id='word_1_655' title='bbox 1463 4985 1553 5051; x_wconf 80' lang='lat' dir='ltr'>Ephori</span> <span class='ocrx_word' id='word_1_656' title='bbox 1565 4988 1678 5054; x_wconf 75' lang='grc' dir='ltr'>τιμάχιον</span> 
     </span>
     <span class='ocr_line' id='line_1_48' title="bbox 75 5054 1678 5125; baseline -0.002 -13"><span class='ocrx_word' id='word_1_657' title='bbox 75 5082 127 5120; x_wconf 59' lang='grc' dir='ltr'>η</span> <span class='ocrx_word' id='word_1_658' title='bbox 139 5072 229 5121; x_wconf 62' lang='lat' dir='ltr'>mser</span> <span class='ocrx_word' id='word_1_659' title='bbox 242 5070 327 5125; x_wconf 80' lang='lat' dir='ltr'>Quam</span> <span class='ocrx_word' id='word_1_660' title='bbox 341 5061 428 5112; x_wconf 85' lang='lat' dir='ltr'>obiter</span> <span class='ocrx_word' id='word_1_661' title='bbox 440 5057 519 5108; x_wconf 76' lang='lat' dir='ltr'>Minas</span> <span class='ocrx_word' id='word_1_662' title='bbox 528 5058 635 5108; x_wconf 79' lang='lat' dir='ltr'>radicem</span> <span class='ocrx_word' id='word_1_663' title='bbox 648 5058 795 5122; x_wconf 83' lang='lat' dir='ltr'>inspexerit,</span> <span class='ocrx_word' id='word_1_664' title='bbox 808 5056 865 5107; x_wconf 84' lang='lat' dir='ltr'>indo</span> <span class='ocrx_word' id='word_1_665' title='bbox 875 5070 974 5119; x_wconf 88' lang='lat' dir='ltr'>quoque</span> <span class='ocrx_word' id='word_1_666' title='bbox 988 5060 1068 5120; x_wconf 73' lang='lat' dir='ltr'>patet,</span> <span class='ocrx_word' id='word_1_667' title='bbox 1080 5056 1148 5119; x_wconf 87' lang='lat' dir='ltr'>quod</span> <span class='ocrx_word' id='word_1_668' title='bbox 1164 5057 1325 5121; x_wconf 80' lang='lat' dir='ltr'>fragmentum</span> <span class='ocrx_word' id='word_1_669' title='bbox 1344 5055 1424 5105; x_wconf 85' lang='lat' dir='ltr'>ionica</span> <span class='ocrx_word' id='word_1_670' title='bbox 1436 5054 1541 5107; x_wconf 85' lang='lat' dir='ltr'>dialecto</span> <span class='ocrx_word' id='word_1_671' title='bbox 1560 5058 1609 5108; x_wconf 87' lang='lat' dir='ltr'>scri</span> <span class='ocrx_word' id='word_1_672' title='bbox 1610 5062 1678 5122; x_wconf 86' lang='lat' dir='ltr'>ptum</span> 
     </span>
     <span class='ocr_line' id='line_1_49' title="bbox 76 5122 1679 5200; baseline -0.008 -9"><span class='ocrx_word' id='word_1_673' title='bbox 76 5138 98 5189; x_wconf 79' lang='grc' dir='ltr'>ἰ</span> <span class='ocrx_word' id='word_1_674' title='bbox 112 5139 152 5190; x_wconf 83' lang='lat' dir='ltr'>tol</span> <span class='ocrx_word' id='word_1_675' title='bbox 167 5141 205 5200; x_wconf 84' lang='lat'>17,</span> <span class='ocrx_word' id='word_1_676' title='bbox 219 5140 245 5187; x_wconf 86' lang='lat' dir='ltr'>ct</span> <span class='ocrx_word' id='word_1_677' title='bbox 254 5148 287 5186; x_wconf 80' lang='lat' dir='ltr'>ex</span> <span class='ocrx_word' id='word_1_678' title='bbox 298 5130 394 5184; x_wconf 84' lang='lat' dir='ltr'>eodem</span> <span class='ocrx_word' id='word_1_679' title='bbox 409 5125 516 5179; x_wconf 82' lang='lat' dir='ltr'>Eusebio</span> <span class='ocrx_word' id='word_1_680' title='bbox 527 5127 631 5191; x_wconf 85' lang='lat' dir='ltr'>petitum</span> <span class='ocrx_word' id='word_1_681' title='bbox 642 5141 717 5191; x_wconf 87' lang='lat' dir='ltr'>quem</span> <span class='ocrx_word' id='word_1_682' title='bbox 729 5127 771 5178; x_wconf 83' lang='lat' dir='ltr'>lot.</span> <span class='ocrx_word' id='word_1_683' title='bbox 788 5124 831 5178; x_wconf 78' lang='lat' dir='ltr'>loa</span> <span class='ocrx_word' id='word_1_684' title='bbox 843 5126 971 5187; x_wconf 81' lang='grc' dir='ltr'>ΙιαΙνοο,ν</span> <span class='ocrx_word' id='word_1_685' title='bbox 943 5144 971 5175; x_wconf 88' lang='grc' dir='ltr'>αν</span> <span class='ocrx_word' id='word_1_686' title='bbox 971 5128 1066 5188; x_wconf 80' lang='grc' dir='ltr'>ωνύμου</span> <span class='ocrx_word' id='word_1_687' title='bbox 1077 5144 1112 5175; x_wconf 85' lang='grc' dir='ltr'>τιν</span> <span class='ocrx_word' id='word_1_688' title='bbox 1100 5128 1138 5183; x_wconf 76' lang='grc' dir='ltr'>νος</span> <span class='ocrx_word' id='word_1_689' title='bbox 1150 5139 1204 5177; x_wconf 85' lang='lat' dir='ltr'>esse</span> <span class='ocrx_word' id='word_1_690' title='bbox 1214 5126 1289 5187; x_wconf 80' lang='lat' dir='ltr'>dixit,</span> <span class='ocrx_word' id='word_1_691' title='bbox 1299 5129 1325 5175; x_wconf 87' lang='lat' dir='ltr'>ct</span> <span class='ocrx_word' id='word_1_692' title='bbox 1336 5122 1404 5187; x_wconf 86' lang='lat' dir='ltr'>quod</span> <span class='ocrx_word' id='word_1_693' title='bbox 1417 5124 1518 5189; x_wconf 84' lang='lat' dir='ltr'>Joscphl</span> <span class='ocrx_word' id='word_1_694' title='bbox 1533 5125 1564 5177; x_wconf 89' lang='lat' dir='ltr'>de</span> <span class='ocrx_word' id='word_1_695' title='bbox 1579 5129 1679 5193; x_wconf 84' lang='lat' dir='ltr'>Jotapcs</span> 
     </span>
     <span class='ocr_line' id='line_1_50' title="bbox 74 5195 1114 5271; baseline -0.004 -21"><span class='ocrx_word' id='word_1_696' title='bbox 74 5209 191 5264; x_wconf 56' lang='lat' dir='ltr'><em>Q</em></span> <span class='ocrx_word' id='word_1_697' title='bbox 204 5204 378 5271; x_wconf 67' lang='lat' dir='ltr'>[nguentum</span> <span class='ocrx_word' id='word_1_698' title='bbox 391 5198 427 5249; x_wconf 85' lang='lat' dir='ltr'>ad</span> <span class='ocrx_word' id='word_1_699' title='bbox 442 5196 665 5261; x_wconf 75' lang='lat' dir='ltr'>tliemsolynsomm</span> <span class='ocrx_word' id='word_1_700' title='bbox 677 5196 830 5249; x_wconf 86' lang='lat' dir='ltr'>obsidionem</span> <span class='ocrx_word' id='word_1_701' title='bbox 843 5195 966 5260; x_wconf 88' lang='lat' dir='ltr'>pertlnere</span> <span class='ocrx_word' id='word_1_702' title='bbox 981 5199 1114 5247; x_wconf 82' lang='lat' dir='ltr'>asseverat</span> 
     </span>
    </p>
   </div>
   <div class='ocr_carea' id='block_1_17' title="bbox 0 0 1950 6040">
    <p class='ocr_par' dir='ltr' id='par_1_23' title="bbox 0 0 1950 6040">
     <span class='ocr_line' id='line_1_51' title="bbox 0 0 1950 6040; baseline 0 0"><span class='ocrx_word' id='word_1_703' title='bbox 0 0 1950 6040; x_wconf 95' lang='lat' dir='ltr'> </span> 
     </span>
    </p>
   </div>
  </div>
 </body>
</html>
