3842 6036
396 450 646 514 MECHEMETIS
667 450 795 514 ANNUS
816 450 893 512 XIV.
914 450 994 512 6972
1016 448 1197 525 iiiiii-iiiii
1219 446 1253 506 P.
1276 443 1335 525 6.).

68 593 112 655 καί
123 595 161 665 ὡς
174 581 206 662 ἦν
226 589 307 670 αέντῶ
317 584 386 647 κατά
404 592 462 646 νοῦν
478 586 524 646 καὶ
538 582 663 667 φρουροὺς
683 586 737 653 τοῖς
757 606 838 664 ρρου.

16 686 17 725 1
71 680 127 748 οίοις
140 687 209 737 πάσι
229 675 434 756 ἐγκαταστήσας
448 675 544 754 ἀνδρας
560 677 612 732 τῶν
628 672 682 732 ἀπὸ
694 675 743 744 τῆς
758 678 842 753 βασι-

16 768 18 797 *
66 771 136 839 λαιῆς
151 767 236 837 αὐλῆς
247 762 312 830 τοὺς
328 760 552 843 μαχιμωτάτους,
570 760 603 820 τά
622 784 651 820 τε
667 761 755 828 άλλως
777 783 843 819 νιω-
900 755 975 816 σιἰδέν
989 777 1015 813 τι
1027 759 1143 815 τοιοῦτον
1160 753 1227 821 ὅλως
1246 751 1306 813 οὔτε
1324 751 1396 812 ἐστιν
1409 751 1469 811 οὔτε
1488 750 1610 830 γενέσθαι
1625 750 1676 809 δά-

16 878 18 907 i
68 854 210 935 τερήσαντα
228 850 443 931 διορθωσάμτνός
463 871 493 908 τε
511 848 558 908 καί
579 846 714 928 παραδοὺς
737 844 845 926 Ἀμάρει
900 866 991 904 ναται·
1005 843 1127 924 οὔτεγὰρ
1140 842 1276 914 θαλάσσης
1287 866 1316 901 τε
1327 840 1374 902 καί
1386 842 1492 917 ἀνίμων
1505 840 1619 918 ἐμάσλαί
1631 840 1678 898 καί

16 938 17 987 ί
67 944 162 1021 πάντα,
189 939 272 1007 αὐτὸς
302 937 392 998 λαῦῶν
411 935 470 1013 μεθ’
488 939 584 995 ἑαυτοῦ
608 936 669 1001 τούς
691 958 720 993 τε
743 938 845 1014 ζωγρη-
899 933 1029 1012 ἐπίρροιαι
1051 929 1109 991 οὗτε
1129 932 1230 1011 ἐχθρῶν
1245 930 1291 989 καί
1317 929 1449 1009 πολεμίων
1465 931 1610 989 ἐπελθοῦσα
1631 928 1679 987 δά·

16 1004 18 1113 ί
66 1032 154 1099 θέντας
173 1027 273 1108 ἄνδρας
296 1029 323 1087 ἐν
344 1030 382 1106 τῷ
399 1025 501 1107 Ἰσθμῷ
519 1026 566 1085 καὶ
588 1023 632 1093 οῦς
649 1016 722 1105 εῦρεν
742 1026 769 1083 ἐν
791 1027 845 1091 τοῖς

16 1480 17 1491 ι

16 1570 18 1577 ν

16 1628 17 1635 ι

16 1670 18 1681 i

16 1692 17 1699 ι

16 1704 18 1711 ν

16 1958 18 2093 i

70 1226 164 1271 σαντες
184 1201 409 1273 Πελοποννησίων
434 1202 479 1261 καὶ
497 1202 573 1262 λείαν
593 1202 653 1260 τινά
674 1203 703 1261 οὐ
725 1202 843 1275 πολλὴν,

74 1291 200 1352 ἐπάνεισιν
211 1292 238 1358 ἐς
252 1289 305 1361 τὴν
322 1289 541 1367 Κωνσταντίνσυ,
555 1292 686 1370 χειμῶνος
706 1297 846 1368 μεσοῦντος

74 1380 135 1452 ήδη.
146 1379 178 1461 (ε)
190 1377 323 1446 Βασιλεὺς
335 1378 363 1438 δέ
375 1377 434 1446 τοὺς
444 1377 492 1458 μίν
509 1377 639 1458 Ἀργείους
646 1376 747 1446 πάντας
757 1401 844 1437 κατοι·

16 1496 18 1535 i
77 1470 141 1537 κίζιι
158 1470 183 1527 ἐν
202 1492 235 1547 τη
258 1471 330 1547 μονῇ
351 1471 385 1547 τῇ
405 1466 582 1548 Περιῦλάπτῳ
599 1466 769 1547 καλουμένῃ,
789 1465 847 1534 δοὺς

73 1559 154 1624 αὐτοῖς
167 1557 212 1615 καὶ
226 1552 318 1623 σίκίας
332 1557 379 1614 καί
402 1554 536 1634 ἀμπίλους
550 1555 595 1615 καί
613 1554 722 1635 ἀγροὺς,
745 1554 803 1622 τοῦς
819 1554 844 1613 δὲ

72 1646 207 1727 ληφθίντας
224 1643 327 1725 ἀνδρας
340 1643 384 1712 οῦς
404 1644 467 1726 ἔφην
482 1648 535 1703 τῶν
548 1643 682 1721 πολεμίων
700 1643 759 1710 τούς
773 1666 802 1702 τε
819 1644 845 1702 ἐν

71 1742 121 1801 τοῖς
133 1734 264 1816 φρουρίοις
278 1731 393 1799 ἁλόντας
412 1731 473 1800 τοός
485 1756 515 1792 τε
526 1732 742 1813 νεωτερήσαντας
759 1734 845 1793 Πελο-

70 1820 209 1894 ποννησίων
228 1822 336 1889 πάντας
348 1819 511 1883 άπίκτεινεν.

107 1913 154 1972 ΠΙ.
171 1910 221 1972 Ἐν
244 1910 275 1968 δὲ
292 1917 351 1977 ταῖς
372 1910 461 1977 αιἰταῖς
478 1909 590 1990 ήμάραις
610 1912 656 1969 καί
672 1907 815 1987 Ἰαγοόπης
833 1911 846 1967 ὁ

63 1993 200 2074 ,σατράπης
214 1993 484 2061 Καλλιουπόλεωςτά
498 1996 525 2053 ἐν
537 1993 729 2073 Ἑλλησπόντῳ
738 1993 848 2073 φρούρια

73 2076 194 2148 ἐξετέλεσε
207 2082 256 2142 καὶ
275 2081 396 2162 φρουράν
409 2080 588 2160 ἐγκατέστησε
603 2080 704 2148 τοότοις
715 2083 761 2141 καλ
776 2081 847 2140 δπλα

73 2170 186 2249 ἐπήνεγκε
199 2170 318 2229 πλεῖστα
331 2168 376 2228 καλ
388 2170 511 2250 μηχανάς
528 2170 658 2243 ἐπέστησε
674 2168 849 2248 πετροῦόλους

72 2257 111 2316 καί
132 2258 279 2340 ἀφετήρια,
303 2259 338 2317 δι’
357 2248 395 2317 ὧν
418 2257 511 2335 ἔμελλε
535 2259 580 2318 τὸν
608 2259 722 2319 ἔσπλουν
741 2259 783 2316 ἀελ
803 2257 849 2316 καί

77 2345 180 2404 ἔκπλουν
200 2339 324 2406 κωλύειν’
336 2348 388 2404 τῶν
409 2347 591 2406 ἀναπλάσντων
609 2346 627 2418 ἢ
646 2346 848 2405 καταπλεόντων

75 2438 189 2513 σκαφῶν,
208 2434 254 2494 ὅτε
278 2434 329 2494 καὶ
353 2426 390 2493 ῶν
406 2434 539 2513 βούλοιτο,
565 2435 598 2495 τά
620 2458 649 2494 τε
673 2434 742 2494 ἄλλα
762 2433 849 2493 πάντα

73 2520 189 2593 πιποίτμε
202 2522 276 2582 κατὰ
298 2522 349 2593 τήν
362 2529 407 2581 τοῦ
427 2522 710 2603 βασιλέωςῦφήγησιν·
754 2523 787 2603 (s)
804 2522 850 2580 καὶ

76 2611 227 2680 ἀπετελέσθη
246 2611 329 2691 ἔργον
352 2609 421 2691 μέγα
441 2610 488 2669 καί
501 2612 606 2671 πάντων
625 2610 784 2691 ἐξηρημίνον
804 2610 849 2670 καὶ

75 2696 144 2775 λόγου
155 2699 255 2758 πολλοῦ
268 2698 318 2761 καί
333 2698 466 2775 θαύματος
480 2698 562 2776 ἀξιον,
573 2699 637 2780 ὅπερ
650 2699 711 2758 οὔτε
725 2702 777 2758 τῶν
796 2721 849 2757 πα-

72 2785 147 2845 λαιῶν
159 2786 301 2860 Ἑλλήνων
318 2810 357 2855 τις
375 2786 436 2845 οὔτε
451 2790 502 2847 τῶν
523 2788 609 2848 πάλαι
624 2788 747 2869 μεγάλων
772 2791 849 2867 βασι-

76 2872 135 2934 λίσιν
147 2875 192 2934 καί
204 2879 379 2955 στρατηγῶν,
390 2874 531 2952 Ῥωμαίων
545 2875 576 2935 σε’
587 2899 656 2959 φημι
671 2876 715 2935 καί
726 2878 850 2956 Περσῶν,

79 2962 116 3020 ἐπὶ
132 2970 188 3025 νοῦν
210 2963 345 3024 ἐῦάλλετό
363 2986 439 3035 ποτε,
463 2963 522 3025 οὔτε
539 2965 649 3036 ἐδυνήθη
667 2963 773 3044 βαλὼν,
790 2965 849 3023 δια-

76 3052 201 3123 στήσαίτε
213 3052 264 3124 τήν
279 3052 337 3111 άνω
352 3052 487 3112 θάλασσαν
502 3056 550 3125 τῆς
563 3056 637 3112 κάτω
656 3053 790 3125 θαλάσσης
804 3053 849 3111 καὶ

77 3138 169 3206 τελείως
187 3139 314 3220 ἀπιῖρξσιι
336 3140 382 3200 καὶ
405 3142 472 3208 ὅλως
490 3140 590 3200 άόατόν
609 3164 638 3199 τε
659 3140 705 3200 καί
725 3141 848 3200 ἄπλωτον

78 3231 234 3299 καταστῆσαι
252 3236 311 3295 τοῖς
331 3229 458 3288 ἀναπλεῖν
478 3226 654 3300 ήκαταπλεῖν
679 3228 846 3308 βουλομένοις

77 3321 146 3391 πῦσε,
160 3315 228 3387 πλήν
249 3305 291 3383 οἷς
316 3317 447 3393 βούλοιτο,
470 3314 559 3397 ῶσπερ
577 3316 664 3383 πύλας
686 3316 846 3398 ἑκατέρωθεν

77 3401 106 3456 τά
117 3404 223 3481 φρούρια
237 3404 353 3485 ἐπιθείς,
368 3403 413 3462 καί
427 3404 551 3483 μηχανάς
565 3404 710 3474 ἐπιστήσας
723 3404 848 3484 πετρσῦό·

76 3489 141 3564 λαις,
152 3490 184 3550 δι’
198 3483 237 3551 ῶν
252 3492 390 3572 πόρρωθεν
411 3491 601 3552 ἀνασοῦοῦντσιι
615 3493 661 3551 καί
675 3490 788 3571 τριήρεις
802 3493 847 3552 καὶ

78 3578 174 3645 ὁλκάδες
196 3583 223 3639 αἱ
242 3579 373 3657 μέγισται
391 3579 437 3637 καὶ
460 3579 526 3639 ἄλλο
539 3590 592 3638 πᾶν
614 3579 660 3639 καί
683 3580 776 3659 μικρὸν
802 3582 847 3640 καὶ

16 3650 17 3677 ¹
79 3664 138 3741 μέγα
148 3668 277 3741 ἀκάτιον,
290 3664 364 3734 εὐθὺς
377 3665 410 3739 δή
424 3670 470 3726 καί
485 3666 565 3743 μόνον
580 3668 767 3740 πλησιάσαντα
780 3691 846 3727 κατ-

80 3752 199 3829 ομόμενά
218 3780 248 3815 τε
268 3756 318 3815 καὶ
340 3753 511 3830 ἀπολλύμενα
529 3763 584 3822 τοῖς
600 3758 633 3815 ἐκ
651 3760 702 3815 τῶν
719 3760 846 3834 μηχανῶν

16 3824 18 3923 ί
80 3838 214 3920 ἐφιεμένοις
236 3843 423 3921 παμμεγέθεσι
447 3845 543 3918 λίθοις,
562 3842 653 3923 ὥσπερ
678 3848 712 3922 τῇ
738 3842 846 3924 Σκύλλῃ

82 3924 254 4002 ipsium
270 3930 363 4011 καίτῇ
377 3929 525 4009 Χαρόῦδει.
569 3933 605 4012 (ε)
622 3930 723 4014 Ξέρξης
734 3934 781 4010 μὲν
796 3933 847 4013 γάρ

81 4012 686 4094 ίζννξεπάλαιτὸνἘλλήσποντοντοῦτσησίλλδι
694 4020 789 4103 σχεδία
798 4023 844 4079 καὶ

80 4104 169 4187 γῑφόρη
183 4106 286 4187 ξυλίνη,
296 4106 355 4181 ήτις
368 4108 428 4167 οὔτε
440 4108 504 4187 πρός
515 4132 544 4168 τε
554 4107 601 4174 τάς
614 4112 666 4167 τῶν
679 4109 782 4186 ἀνέμων
796 4108 842 4167 καὶ

16 4252 17 4289 γ
81 4192 121 4261 ἧς
132 4194 263 4264 θαλάσσης
272 4195 389 4272 ἔμόολάς
399 4196 444 4254 ἐπί
458 4195 522 4255 πολὺ
534 4195 565 4254 ἀν
580 4196 712 4276 ἀντίσχειν
722 4196 845 4270 ἐδυνήθη,

1587 448 1592 461 “
1619 446 1672 505 ίῦί

898 579 944 640 καὶ
958 579 1049 657 με’ντοι
1073 602 1102 656 γε
1124 577 1184 638 οὐδὲ
1198 579 1324 656 ἀντέσχε,
1343 574 1392 635 καί
1409 577 1511 656 ἐχθρῶν
1527 575 1676 635 ἐπελθοῦσα

900 669 1010 746 δόναμις
1032 667 1127 749 ῥαδίως
1141 666 1173 725 ἀν
1187 665 1269 738 αὐτήν
1291 664 1337 747 βία
1352 664 1483 725 διάλυσιν·
1505 664 1620 723 ἐνταῦθα
1646 663 1674 722 δέ

903 1043 981 1099 ναμις
996 1020 1121 1079 δύνανται
1133 1019 1232 1094 ταύτην
1246 1017 1424 1100 παραόλάήαι
1437 1018 1468 1077 τὸ
1481 1014 1614 1086 ξόνολονή
1630 1016 1677 1074 καί

16 1148 18 1229 γ
70 1120 193 1201 φρουρίοις
211 1120 268 1175 τῶν
286 1114 418 1189 Ἐνετῶν,
437 1114 508 1173 ἀλλά
522 1112 553 1186 δὴ
569 1114 615 1173 καὶ
634 1113 695 1182 τοὺς
717 1112 847 1195 νεωτερή-
900 1113 1019 1169 ὁπωσοῦν
1041 1108 1199 1167 ῦιάσασθαι·
1213 1105 1294 1174 οὕτως
1310 1107 1443 1174 ἀνάλωτός
1457 1128 1486 1165 τε
1504 1103 1551 1164 καί
1570 1105 1677 1185 ἰσχυρὸς

903 1195 1024 1273 δδεσμδς
1035 1187 1109 1263 οὗτος
1124 1192 1237 1272 ἐγεγόνει
1247 1194 1294 1254 καί
1307 1197 1325 1266 ἡ
1339 1190 1433 1273 σχεδία
1447 1191 1527 1265 αὕτη.

939 1285 988 1345 lV.
1003 1286 1059 1345 Τοῦ
1068 1285 1092 1343 δ’
1109 1285 1187 1342 αὐτοῦ
1197 1286 1326 1363 χειμῶνος
1334 1282 1380 1342 καὶ
1392 1279 1515 1360 βασιλεὺς
1528 1284 1542 1340 δ
1555 1280 1678 1342 Παιόνων

902 1396 930 1431 τε
951 1373 998 1432 καί
1012 1377 1109 1434 Δακῶν
1136 1373 1304 1431 ἐστράτευσεν
1327 1369 1371 1429 ἐπί
1387 1371 1436 1444 τὴν
1460 1371 1611 1446 Δαλματῶν
1633 1370 1679 1430 καί

901 1460 1025 1542 Βόστρων
1050 1460 1159 1541 χώραν,
1185 1462 1217 1533 ήν
1240 1460 1333 1541 πρώην
1353 1458 1515 1540 ἐχειρώσατο
1541 1458 1677 1539 βασιλεὺς,

901 1548 987 1621 ὅπως,
1007 1550 1032 1611 εί
1052 1548 1170 1621 δύναιτο,
1190 1547 1314 1627 κατάσχῃ
1329 1548 1427 1617 ταύτην
1440 1546 1487 1604 καί
1502 1544 1536 1604 τδι
1559 1549 1586 1606 ἐν
1610 1547 1678 1624 αὐτῇ

901 1638 1010 1719 φρούρια
1025 1636 1098 1717 ἐξέλῃ
1110 1638 1156 1697 καί
1170 1637 1288 1713 μάλιστα
1304 1634 1336 1708 δή
1353 1635 1401 1706 τήν
1415 1633 1542 1712 Ἰάῖτζαν,
1556 1633 1680 1703 ἐξελάσας

901 1723 1239 1807 τοδςβασιλέωςφρσυροός·
1283 1724 1314 1806 (α)
1324 1722 1528 1803 δεινότατονγάρ
1537 1725 1561 1782 σί
1569 1722 1676 1782 πάντων

901 1814 985 1874 ἐδόκει
999 1803 1120 1873 εἶναικαὶ
1133 1818 1180 1885 τῆς
1195 1816 1276 1873 αὑτοῦ
1287 1811 1377 1892 χώρας
1389 1834 1418 1870 τε
1429 1810 1503 1870 καίά
1520 1815 1570 1891 χῆς
1586 1809 1677 1890 βλάόη

902 1932 930 1968 τε
945 1908 1056 1989 μεγίστη
1070 1910 1116 1968 καὶ
1130 1908 1272 1975 κατάλυσις
1284 1905 1421 1987 προφανής
1433 1909 1450 1977 ἡ
1464 1910 1511 1977 τ’ής
1520 1906 1610 1986 χώρας
1617 1906 1679 1966 ταά·

902 2022 950 2070 της
969 1999 1086 2057 καὶτῶν
1107 1999 1134 2056 ἐν
1148 1998 1215 2074 αὐτῇ
1239 1995 1367 2079 φρουρήων
1388 1994 1463 2073 παρὰ
1483 1999 1528 2053 τοῦ
1552 1993 1680 2074 βασιλέως

903 2085 1079 2164 κατάσχεσις,
1094 2086 1120 2142 ἐν
1136 2083 1266 2163 ἐπικαίρῳ
1283 2105 1313 2141 τε
1333 2086 1381 2153 τῆς
1397 2084 1478 2142 αὑτοῦ
1494 2081 1617 2159 κειμένης
1634 2082 1680 2141 καί

902 2172 1027 2232 πάντοθεν
1037 2171 1133 2252 ὁμόρου
1147 2175 1181 2250 τῇ
1195 2171 1315 2231 Παιόνων
1326 2169 1405 2244 οὔσης
1418 2171 1464 2230 καί
1475 2170 1540 2249 πρὸς
1550 2173 1680 2250 καταδρο-

903 2260 956 2340 μήν
972 2260 1069 2334 ταύτης
1095 2260 1253 2333 ἐπιτηδείας.
1296 2261 1330 2337 (ι)
1353 2256 1519 2340 Προσόαλῶν
1546 2249 1590 2318 οὖν
1613 2260 1680 2339 αι’ντῦΙ

903 2348 971 2425 μετά
993 2357 1115 2430 στρατιᾶς
1135 2352 1227 2420 ἱκανῆς
1245 2346 1291 2407 καί
1309 2352 1495 2430 παρασκευῆς,
1512 2349 1610 2428 ἀφιστᾷ
1632 2346 1681 2425 μὲν

888 2437 977 2505 ,εὐθὺς
990 2438 1024 2498 τδι
1039 2439 1122 2496 πλείω
1137 2440 1190 2496 τῶν
1210 2437 1339 2518 φρουρίων
1360 2436 1471 2495 ἀπὸτοῦ
1491 2436 1635 2515 βασιλέως,
1646 2436 1681 2494 τά

905 2525 954 2601 μὲν
966 2528 1053 2585 πειθοῖ
1070 2524 1115 2584 καὶ
1129 2523 1215 2598 λόγοις
1231 2522 1491 2602 προσαγόμενος,τά
1505 2523 1532 2582 δὲ
1546 2522 1622 2604 φόῦῳ
1636 2524 1681 2581 καὶ

904 2616 1040 2686 ἀπειλαῖς,
1056 2613 1126 2672 ἔστιν
1141 2612 1158 2671 ά
1173 2613 1201 2671 δέ
1213 2613 1258 2670 καὶ
1274 2620 1327 2678 τοῖς
1344 2614 1436 2679 δπλοις
1450 2613 1679 2694 καταστρεψάμε-

903 2724 954 2767 νος.
981 2700 1027 2769 Ἐς
1050 2699 1078 2759 δέ
1093 2697 1142 2770 τήν
1166 2699 1281 2768 Ἰάῑτζαν
1303 2698 1401 2772 ἐλθὼν,
1426 2702 1495 2781 αίρεῐ
1517 2701 1562 2758 καὶ
1582 2700 1681 2770 ταύτην

904 2789 1017 2860 ἀπόνως,
1028 2790 1080 2845 τῶν
1092 2786 1163 2844 ἔνδον
1175 2785 1376 2863 στασιασάντων
1387 2786 1471 2845 τεκαὶ
1486 2785 1589 2866 σφαγάς
1603 2788 1681 2868 ἔργα·

905 2876 1028 2952 σαμένων
1055 2874 1177 2945 ἀλλήλων
1201 2874 1247 2933 καί
1277 2874 1525 2954 προσχωρησάντων
1557 2877 1683 2943 ἑκουσίως

903 2965 986 3043 αὐτῷ.
1002 2961 1143 3041 Διαγαγῶν
1154 2961 1181 3020 δὲ
1194 2964 1222 3021 οὗ
1237 2961 1336 3028 πολλάς
1353 2962 1454 3042 ἡμέρας
1473 2965 1552 3022 aizoi
1567 2964 1613 3022 καὶ
1627 2986 1682 3044 φυ-

903 3054 987 3119 λακάς
1005 3050 1240 3126 καταστησάμενος
1260 3049 1370 3131 ἰσχυράς
1390 3053 1416 3109 ἐν
1432 3053 1500 3131 αὐτῇ
1514 3073 1542 3109 τε
1556 3052 1602 3110 καὶ
1625 3061 1680 3118 τοῖς

904 3142 992 3207 ἄλλοις
1010 3143 1062 3199 τῶν
1081 3139 1210 3220 φρουρίων
1236 3137 1331 3218 ἄνδρας
1348 3139 1548 3220 καταφράκτους
1573 3163 1602 3198 τε
1629 3141 1677 3200 καὶ

904 3227 1037 3308 μαχίμους
1049 3228 1096 3287 καί
1107 3224 1175 3286 όπλα
1187 3227 1233 3285 καί
1248 3230 1320 3287 σῖτον
1340 3225 1381 3287 ότι
1395 3229 1517 3287 πλεῖστον
1542 3227 1680 3305 ἐσαγαγὼν

903 3316 1070 3398 ἀνεχώρησεν
1093 3319 1134 3376 ἐπ’
1157 3314 1238 3376 οίκου.
1274 3314 1330 3376 Καί
1350 3319 1364 3375 ό
1389 3317 1436 3392 μὲν
1450 3315 1543 3383 οὕτως.

940 3403 976 3467 V.
985 3402 1111 3470 Βασιλεὺς
1117 3402 1143 3462 δέ
1148 3407 1224 3462 τοῦτο
1233 3403 1377 3481 πυθόμενος
1385 3405 1431 3464 καί
1443 3405 1545 3483 βαρέως
1556 3405 1680 3476 διατιθει,

903 3491 966 3572 πρὸς
986 3494 1034 3565 τήν
1051 3492 1148 3566 ἀκοήν,
1164 3491 1374 3571 παρεσκευάζετο
1395 3492 1470 3560 εὐθὺς
1487 3495 1679 3575 ἐκστρατεῦσαι

901 3582 972 3663 χειρί
985 3583 1070 3661 πολλῇ
1085 3582 1131 3640 καί
1143 3580 1264 3659 δυνάμει,
1276 3583 1305 3640 οὔ
1321 3582 1399 3657 μόνον
1407 3580 1476 3641 κατά
1492 3586 1539 3653 τῆς
1551 3583 1678 3661 Βόστρων

903 3671 1013 3731 καὶτῶν
1026 3669 1198 3730 ἀποστάντων
1209 3668 1354 3752 φρουρίων,
1370 3670 1439 3728 ἀλλὰ
1450 3667 1482 3741 δή
1496 3669 1541 3730 καὶ
1557 3671 1583 3734 ἐς
1596 3671 1679 3741 αὐτήν

901 3756 949 3829 τήν
959 3757 1081 3819 Παιόνων
1089 3756 1238 3819 ἐσόάλλειν.
1249 3756 1383 3835 Στρατιδιν
1402 3758 1489 3816 τοίνυν
1501 3756 1542 3815 ὅτι
1550 3759 1679 3831 πλείστην

902 3845 1008 3928 ἀγείρας
1020 3846 1134 3917 ίππικήν
1149 3869 1178 3903 τε
1200 3846 1246 3905 καί
1261 3849 1370 3917 πεζικήν
1386 3846 1432 3905 καί
1448 3845 1518 3903 ὅπλα
1535 3836 1622 3904 πὀλλέι
1634 3845 1681 3903 καί

903 3933 1024 4013 μηχανάς
1045 3932 1219 4013 πετροόάλους
1241 3934 1287 3991 καὶ
1307 3932 1437 4013 ἀφετήρια
1456 3931 1611 4010 ξυναγαγὼν
1631 3933 1677 3991 καί

902 4024 991 4090 καλῶς
1004 4021 1274 4102 παρασκευασάμενος
1289 4030 1358 4081 πᾶσι
1378 4030 1432 4089 τοῖς
1446 4020 1596 4101 ὑπάρχουσι
1614 4043 1677 4101 χει-

904 4112 1005 4186 μῶνος,
1030 4109 1103 4176 εὐθὺς
1125 4100 1187 4187 ήρος
1215 4109 1364 4190 ἀρχομένου
1388 4111 1467 4181 ἔξεισι
1492 4109 1551 4169 κατ’
1583 4113 1680 4172 αὐτῶν.

905 4198 939 4278 (r)
959 4196 1040 4278 Ἄρας
1063 4190 1107 4258 οῦν
1135 4200 1165 4258 ἐκ
1188 4204 1236 4271 τῆς
1259 4199 1394 4279 Ἀδριανοῦ
1413 4199 1492 4257 παντὶ
1514 4203 1552 4279 τῷ
1576 4203 1680 4278 στρατῶ

111 4466 151 4517 ΠΙ.
164 4468 178 4532 §
191 4478 211 4521 i.
221 4473 295 4522 Τὰ...
310 4469 422 4535 φρούρια]
434 4472 465 4520 V.
476 4484 552 4536 supra
565 4462 607 4522 lii.
621 4478 646 4528 4.
658 4487 681 4524 c.
698 4478 733 4524 ii.
748 4473 759 4537 ΙΙ
769 4499 802 4509 -
814 4471 865 4538 ἀεὶ]
878 4473 935 4524 add.
947 4487 1013 4525 man.
1024 4481 1047 4525 2.
1069 4476 1080 4540 ll
1091 4502 1123 4515 -
1135 4476 1151 4540 §
1161 4483 1184 4528 2.
1195 4475 1372 4541 παμμεγέθεσι]
1381 4474 1438 4526 add.
1451 4488 1516 4527 man.
1531 4483 1554 4525 2.
1570 4475 1580 4537 ll
1594 4503 1622 4514 -
1632 4475 1679 4538 §·3.

16 4564 18 4579 ,
172 4542 191 4573 ἰ
339 4543 344 4554 ’

16 4586 18 4693 ί
84 4539 498 4691 Ἥψάίοόάίίόόόίίάῦόόόίαω
505 4613 660 4678 expeditione
668 4615 720 4665 vid.
730 4611 899 4665 sesdeddinus
911 4622 935 4676 2,
944 4628 969 4679 p.
984 4619 1100 4676 234-233,
1110 4616 1209 4667 Μαθθίαν
1223 4616 1323 4668 corvini
1332 4615 1514 4681 regisepisioiae
1523 4613 1555 4663 sd
1566 4612 1637 4663 Pium
1656 4616 1679 4664 11

16 4696 18 4759 γ
86 4680 446 4737 θῡῑθθσιταείοθθτὶἀοήειιω
457 4683 517 4747 imp.
525 4685 591 4748 apud
605 4687 721 4735 esionam
735 4688 795 4735 tom.
806 4688 844 4746 14,
861 4698 887 4749 p.
900 4691 948 4735 652
961 4699 1015 4749 sqq.
1029 4691 1055 4738 st
1066 4702 1090 4751 p.
1102 4691 1147 4737 723
1163 4700 1228 4751 sqq„
1237 4688 1342 4737 ΤΙιποη
1353 4688 1378 4737 in
1393 4688 1485 4737 chron.
1496 4686 1603 4748 Hungsr.
1612 4688 1677 4747 pari.

16 4768 17 4779 ¹
86 4749 107 4796 4·
116 4762 136 4797 α
149 4756 185 4801 ii.
201 4751 212 4818 ss
229 4780 262 4790 -
276 4754 295 4818 §
308 4758 331 4803 1.
350 4753 431 4817 ίξέλη]
448 4767 548 4818 margo,
570 4756 655 4817 αἱρήσῃ
671 4758 733 4805 iexi.
746 4753 763 4818 ΙῘ
774 4783 805 4793 -
815 4755 939 4820 φρουρούς]
953 4755 1011 4806 add,
1021 4771 1056 4809 m.
1069 4765 1092 4808 2,
1111 4758 1166 4821 11-
1179 4755 1194 4822 §
1208 4765 1231 4807 2.
1241 4757 1360 4815 Ἰάῖτζαν..
1376 4755 1451 4820 αἱρεῖ]
1460 4756 1561 4805 Ιοίίνκῐνι
1576 4754 1681 4805 Maihins

16 4858 18 4893 γ
86 4816 194 4873 corvinus
206 4828 261 4889 post
271 4824 348 4874 trium
357 4823 407 4874 iere
418 4824 539 4875 mensium
551 4824 704 4875 ohsidionem
716 4825 782 4888 cepit
793 4824 833 4876 dis
845 4831 873 4875 is
884 4838 961 4875 mens.
974 4827 1116 4878 Decembris
1127 4841 1168 4878 ειν.
1186 4831 1253 4879 1463.
1268 4829 1304 4878 in.
1314 4828 1391 4890 Epist.
1403 4825 1434 4876 sd
1445 4825 1517 4876 Pium
1531 4826 1554 4874 11
1562 4825 1634 4888 (iss.
1645 4829 1674 4875 27

16 4896 18 4961 ᾗ
86 4897 121 4935 ου.
135 4895 203 4954 risi)
214 4909 239 4958 ρ.
250 4898 296 4944 ο72
305 4906 348 4944 ses
358 4893 394 4942 ita
409 4892 506 4956 scripsit
524 4897 596 4944 :Hoc
609 4898 696 4958 itaque
709 4896 787 4947 modo
807 4899 831 4947 ei
842 4895 935 4947 ordine
953 4896 1061 4949 redditis
1075 4904 1101 4949 et
1113 4901 1225 4963 acceptis
1234 4900 1323 4948 castro
1335 4901 1360 4949 ei
1373 4896 1472 4961 oppido
1490 4895 1597 4956 laissa,
1615 4908 1680 4945 mor

16 5004 17 5009 ,
88 4958 221 5013 niumm
234 4965 354 5015 aliorum
366 4966 515 5015 castrorum
529 4964 630 5016 deditio
645 4968 735 5017 secuta
752 4969 798 5019 esi.
809 4970 873 5020 iam
890 4970 994 5019 circiter
1003 4971 1113 5034 iriqinia
1122 4969 1243 5019 manibus
1256 4970 1321 5018 meis
1333 4966 1438 5017 reddita
1450 4968 1519 5028 surii,
1530 4966 1556 5015 ei
1569 4964 1680 5015 totidem

16 5034 18 5065 i
89 5025 206 5092 ῑᾶρυνέο
218 5035 304 5099 pista
316 5036 345 5084 in
363 5033 542 5085 obedientiam
557 5036 581 5085 ei
594 5035 756 5087 deditionem
768 5040 873 5102 μυσαρά·
889 5036 1068 5103 imbriumque
1078 5052 1152 5105 spem
1164 5037 1348 5090 indubiarrscie
1365 5038 1471 5097 coieris,
1488 5035 1560 5100 quod
1572 5034 1609 5084 σά
1626 5034 1676 5086 isos

90 5102 1677 5242 &iwriziiiiiiiiisiiiiiiiiiiiiiiiii'iiiiiiiiieirri‘riiimi¹”ii

16 5214 18 5231 ι
422 5210 429 5234 7
1039 5216 1045 5231 ι
1344 5216 1350 5228 ν
1376 5215 1381 5226 ι
1412 5216 1417 5227 ι
1451 5216 1456 5226 ι
1523 5216 1528 5225 ·
1571 5202 1603 5214 “
1666 5215 1673 5228 ο

16 5238 18 5249 ’
90 5236 126 5284 καί
135 5238 148 5285 θ
157 5242 197 5301 μὶν
205 5245 291 5310 οὕτως]
306 5244 365 5296 add.
376 5257 473 5309 margo.

16 5326 17 5329 ’
117 5306 145 5354 V·
156 5309 170 5371 5
182 5317 203 5361 ¹·
218 5319 335 5373 Ᾱῐπῑθῑίς
345 5319 401 5381 πρὸς
414 5317 458 5375 τήν
473 5319 560 5385 ἀκοήν]
570 5333 662 5385 margo,
676 5322 777 5384 ἐνεγκὼν
792 5324 819 5375 τὸ
831 5329 928 5390 πρᾶγμα
943 5325 1005 5375 issi.
1022 5323 1033 5387 11
1053 5352 1080 5363 -
1095 5323 1205 5387 στρατιὰν
1219 5322 1254 5372 ὅτι
1268 5318 1394 5393 smirnii]
1415 5319 1516 5385 triginta
1531 5320 1609 5373 millia
1629 5318 1677 5368 ho·
