3906 6034
318 462 357 520 78
728 452 930 517 CRITOBULI
955 451 1218 513 fltsrosstttttttt
1246 451 1317 513 LlB.
1349 453 1370 521 1,
1393 453 1498 513 2931.

317 590 460 672 ροτίριοθεν
486 590 707 657 κατεσκευάζοντο
726 591 763 656 είς
775 586 907 666 χωνείας,
920 584 1088 666 ἰσχυρότατοι
1143 607 1202 663 ρουν
1224 583 1316 644 ἔπειτα
1336 583 1442 664 κεραίας
1464 583 1582 662 μεγάλας
1601 581 1683 653 ξύλων
1707 584 1776 664 αι’ντῇ
1801 582 1908 643 κάτωθεν

317 681 404 757 μέντοι
418 678 463 741 καὶ
482 677 664 756 βεόαιότατοι,
677 677 711 739 τά
725 677 773 753 μὲν
790 677 861 736 ίνδον
876 674 903 743 ἐξ
915 676 998 744 όπτῆς
1009 674 1087 732 πλίν·
1140 670 1380 753 θποστρωννύοντες
1394 670 1440 731 καὶ
1453 673 1541 738 καλῶς
1554 670 1759 750 ἐφαρμόζοντες,
1774 670 1819 728 καί
1831 669 1909 739 λίθοις

315 774 360 827 θου
368 766 586 846 κατειργασμένοι
598 764 643 825 καὶ
657 767 743 837 πηλοῦ
753 764 840 830 καλῶς
854 761 1025 842 εἰργασμένου
1036 763 1084 821 καὶ
1140 761 1273 821 ίπετίθουν
1288 757 1481 838 παμμιγίθεις,
1495 759 1648 838 βαρύνοντος
1666 757 1747 830 αύτλν
1768 760 1815 818 καῖ
1829 782 1907 819 κατυ-

313 855 446 925 πιοτάτου,
458 852 492 911 τδ
502 852 594 921 ἔξωθεν
603 851 630 910 δὲ
640 852 697 913 ὅλοι
708 850 801 910 διόλων
812 850 893 916 λίθοις
903 851 1086 927 παμμεγέθεσι
1140 849 1307 929 σραλίζσντες
1328 845 1426 907 άνωθίν
1445 870 1475 905 τε
1486 847 1536 913 καὶ
1549 848 1664 909 κάτωθεν
1682 846 1729 907 καλ
1747 846 1853 908 ὅπισθιν
1870 849 1911 907 καί

312 942 359 1001 καί
372 942 469 1021 τιτάνῳ
485 941 531 1000 καί
544 950 624 1000 πᾶσιν
638 939 726 1006 ἄλλοις
741 937 913 1019 ὠχυρωμένον
929 939 993 1018 πρὸς
1009 942 1086 997 τοῦτο
1139 936 1322 1017 πανταχόθεν,
1336 935 1381 995 ίνα
1393 934 1474 1015 μὴτῇ
1490 937 1536 1015 βία
1553 935 1693 1017 τῆςβύμης
1707 934 1755 993 καὶ
1765 939 1910 1017 τῷσροδρῶ

311 1029 465 1112 χρησίμοις.
508 1028 541 1110 (ο)
564 1029 673 1091 Χαλκοῦ
684 1026 712 1087 δί
732 1028 779 1085 καῖ
798 1025 955 1105 κασσιτέρου
976 1025 1044 1083 πολύ
1059 1050 1085 1084 τι
1139 1031 1188 1099 τῆς
1207 1033 1288 1107 ρορδς
1309 1028 1357 1096 τῆς
1375 1024 1470 1091 οἰκείας
1486 1023 1563 1102 ἕδρας
1585 1027 1805 1106 παρατραπεῖσα,
1828 1026 1911 1104 πόρρω

310 1122 405 1199 χρῆμα
420 1116 466 1177 καῖ
479 1115 673 1183 πολυτάλαντος
686 1115 752 1186 δλκὴ
768 1113 927 1184 ίνεόίόλητο
941 1114 1083 1193 χωνείαις,
1140 1136 1187 1172 ποι
1198 1117 1243 1172 τοῦ
1255 1117 1355 1172 σκοποῦ
1367 1113 1447 1192 βάλῃ.
1491 1114 1525 1193 (ι)
1542 1103 1610 1174 Εἶτα
1623 1118 1676 1192 πῦρ
1687 1112 1818 1172 ἐπίόαλαν
1834 1116 1910 1191 αὐτῇ,

311 1205 428 1265 τάλαντά
439 1227 489 1267 που
504 1205 621 1280 μάλιστα
637 1203 712 1283 χίλια
726 1202 772 1261 καί
785 1202 964 1277 πεντακόσια,
979 1206 1015 1269 ὠς
1026 1201 1085 1260 ίλί-
1138 1200 1182 1259 διδ
1199 1206 1247 1272 τῆς
1265 1200 1372 1261 ὄπισθεν
1394 1201 1521 1281 βραχείας
1533 1203 1680 1281 τρυμαλιᾶς
1693 1201 1843 1281 ἀνάψαντας
1863 1203 1906 1274 τὴν

310 1318 384 1373 γετο·
399 1294 443 1352 ίπλ
465 1291 566 1359 τούτοις
585 1292 722 1371 ἀνθράκων
736 1314 766 1350 τε
785 1289 852 1350 πολύ
870 1314 897 1349 τι
919 1291 1017 1360 πλῆθος
1038 1289 1084 1349 καὶ
1139 1287 1318 1367 βοτάνην·καῖ
1327 1288 1425 1361 ταύτης
1433 1288 1584 1370 ἱξαρθιίσης
1595 1286 1812 1366 θᾶττονῆλόγος,
1822 1294 1909 1372 πρῶτα

311 1386 416 1463 κορμῶν
448 1380 580 1441 ἐπετίθετο
613 1387 672 1447 ταῖς
703 1376 826 1459 χωνείαις
857 1377 966 1450 ἔξωθεν,
993 1377 1084 1456 ὠσπερ
1138 1376 1186 1453 μίν
1200 1377 1299 1454 ἐγίνετο
1322 1378 1460 1454 μυκηθμός
1481 1377 1590 1459 ροόερδς
1604 1378 1649 1437 καί
1671 1378 1764 1447 κλόνος
1778 1383 1826 1451 τῆς
1847 1385 1908 1440 ύπο·

312 1467 539 1549 ίπῳκοδομημίνα
559 1466 658 1526 άνοιθίν
674 1489 706 1525 τε
722 1466 769 1524 καί
786 1464 903 1526 κάτωθεν
923 1464 969 1523 καὶ
983 1487 1083 1522 πεντασ
1137 1463 1259 1540 κειμάνης
1272 1469 1320 1543 γῆς
1333 1463 1379 1523 καί
1394 1468 1441 1536 τῆς
1460 1466 1550 1547 πόρρω
1569 1464 1616 1524 καλ
1631 1466 1729 1546 βρόμος
1744 1459 1798 1534 οἷος
1815 1468 1908 1535 οὗδείς,

309 1558 387 1637 χόθεν
402 1560 428 1624 ἐς
441 1558 519 1636 βάθος
532 1556 592 1624 τούς
603 1553 691 1621 ίπνοθς
702 1553 931 1631 ξυγκαλύτετοντα,
946 1553 1008 1613 άνευ
1020 1551 1084 1628 με’ν-
1137 1552 1229 1611 ἔπειτα
1244 1552 1312 1628 μετὰ
1328 1556 1437 1632 βροντῆς
1457 1553 1572 1622 ἐξαισίας
1586 1554 1632 1613 καὶ
1653 1553 1751 1613 δούπου
1768 1554 1909 1636 ρριαιύδουι

309 1668 391 1723 τοιγι
410 1649 464 1704 τῶν
477 1642 604 1721 στομίων.
647 1642 681 1721 (t)
695 1644 854 1721 Φυσητῆρες
867 1640 896 1701 δθ
916 1641 977 1719 περὶ
991 1639 1083 1707 αὐτούς
1137 1640 1324 1719 καῖπυρδςτδ
1342 1641 1418 1720 πίριξ
1431 1642 1518 1702 πάντα
1541 1642 1732 1722 ξυμρλίγοντος
1750 1645 1797 1703 καλ
1817 1646 1909 1719 μελαί-

308 1731 503 1808 ἐπιτεταμίνως
523 1733 656 1812 φυσῶντος
676 1728 722 1788 καὶ
743 1729 893 1794 άδιακόπως
912 1726 959 1798 την
983 1728 1081 1785 ἔπικει·
1136 1753 1223 1797 νοντας
1241 1728 1343 1791 ἔνδοθεν
1361 1731 1499 1809 ὠθουμίνη
1517 1736 1535 1802 ἡ
1551 1731 1686 1799 πάσσαλος
1699 1730 1833 1808 πνεύματι
1848 1731 1913 1812 ξηρῳ

312 1820 393 1895 μάνην
414 1819 479 1892 ὅλην
493 1818 646 1886 ίξάπτσντες
666 1818 693 1875 δν
713 1817 799 1897 τρισὶν
814 1815 888 1882 ὅλαις
906 1814 1016 1895 ἡμέραις
1038 1817 1084 1875 καὶ
1137 1816 1183 1876 καί
1196 1821 1284 1898 θερμῷ
1301 1817 1393 1896 βιαίοις
1404 1817 1536 1878 ίκίνειτδν
1550 1818 1621 1877 λίθον
1636 1816 1806 1898 ίξαρχομίνη·
1854 1818 1911 1899 (εψὸ

310 1907 383 1976 νυξὶν
394 1906 483 1978 ἴσαις,
498 1907 546 1973 ὅυνς
559 1904 683 1985 δχαλκδς
696 1904 756 1972 ὅλος
767 1905 854 1965 διολου
863 1905 951 1971 τακεὶς
965 1904 1011 1964 καὶ
1027 1907 1084 1964 διε·
1137 1904 1165 1963 δδ
1174 1907 1314 1986 ρερόμενος
1322 1905 1391 1984 μετθ
1401 1906 1461 1987 βίας
1471 1906 1649 1987 σφοδροτάτης
1659 1907 1706 1965 καθ
1720 1906 1808 1988 βύμης
1820 1907 1914 1989 πριαί-

308 1994 394 2063 λυθελς
414 1994 549 2073 ύδαρώδης
564 1997 610 2052 καὶ
634 1994 708 2073 ρυτδς
721 1991 842 2072 γίνηται.
861 1982 931 2052 Etru
950 1995 1003 2050 τῶν
1022 2015 1083 2052 στο·
1136 2016 1216 2052 πιπτε
1231 1995 1376 2076 τῷτείχει,
1389 1995 1518 2062 καὶεύθθς
1530 1994 1765 2055 κατέσειίτεαύτθ
1780 1997 1829 2055 καί
1842 1995 1915 2057 κατά·

309 2083 378 2157 μίων
395 2082 562 2160 άνοιγίντων,
576 2082 695 2159 ίσεχεῖτο
709 2078 831 2161 δχαλκδς
841 2080 885 2139 διδι
896 2082 947 2138 τῶν
958 2078 1083 2150 σωλήνων
1136 2080 1202 2141 όσλε
1216 2083 1262 2140 καὶ
1282 2084 1308 2148 ίς
1329 2080 1416 2142 πολλθ
1435 2083 1604 2164 παριρρηγνυ
1625 2083 1671 2141 καί
1685 2083 1828 2159 διελίκμει,
1851 2108 1915 2144 παν·

309 2173 336 2229 ἰν
352 2173 408 2238 τοῖς
427 2170 538 2253 τύποις,
554 2171 602 2237 ἕως
615 2173 727 2249 γεμισθῇ
746 2169 851 2235 τελείως
865 2172 936 2228 ἂπσν
957 2166 987 2227 τδ
1004 2169 1083 2226 ἐσδε-
1135 2174 1218 2246 ταχοῦ
1227 2169 1565 2237 τεδιασκεδάζωναύτδικαὶ
1572 2172 1648 2249 μόνον
1655 2174 1912 2254 τῶνπροστυχόντων

308 2258 435 2339 χόμενον,
446 2258 493 2318 καθ
506 2259 613 2339 καλύψῃ
628 2256 674 2317 καλ
686 2258 729 2316 τδν
742 2256 811 2324 ε’ντδς
827 2257 907 2317 τύπον
921 2254 982 2315 ὅλον
996 2255 1083 2315 διόλου
1136 2257 1233 2314 ποιῶν·
1247 2254 1294 2314 καὶ
1306 2257 1369 2316 ποτὲ
1384 2256 1431 2336 μίν
1447 2258 1619 2338 κατερρίπτει
1633 2259 1711 2339 μίρος
1723 2259 1800 2335 ὅλον,
1813 2261 1878 2322 ποτί
1890 2259 1915 2320 δῖ

308 2347 354 2405 καὶ
371 2345 524 2424 ύπερόλύση
534 2346 628 2404 τούτου
643 2350 733 2423 πῆχυν
746 2343 793 2403 ἕνα
810 2343 880 2403 κατὰ
900 2344 930 2401 τὸ
944 2342 1010 2402 άνω.
1029 2344 1083 2402 Καὶ
1136 2342 1234 2420 Ιλίμισυ,
1243 2344 1306 2403 ποσί
1315 2343 1343 2404 δθ
1355 2344 1435 2405 πλάον
1445 2346 1464 2417 ἢ
1474 2345 1582 2406 άλεττον
1592 2348 1692 2426 πύργου
1704 2346 1724 2417 ἢ
1737 2350 1915 2430 μεταπυργίου

307 2435 387 2502 ούτυις
400 2435 452 2507 ἤδη
466 2431 770 2515 άπήρτεστοὴμηχανή.
812 2433 846 2510 (ε)
861 2431 938 2492 Μετδι
949 2434 1026 2489 τοῦτο
1038 2431 1083 2504 δὲ,
1135 2429 1212 2500 ἢκαλ
1225 2431 1374 2506 ίπάλξειος,
1391 2433 1437 2492 καλ
1451 2428 1525 2493 οθδθν
1538 2427 1571 2508 ἦν
1587 2434 1669 2501 ούτως
1682 2436 1794 2515 ίσχυρδν
1811 2436 1831 2510 ἢ
1847 2439 1915 2498 tut·

308 2524 483 2592 άποξίσαντος
497 2529 543 2581 τοῦ
563 2524 667 2602 χαλκοῦ
681 2521 727 2579 καὶ
741 2522 843 2601 ψυχροῦ
859 2519 1006 2597 γεγονότος,
1017 2519 1081 2576 ἓκα-
1136 2518 1250 2591 τυπονῆ
1267 2520 1353 2600 πάχος
1375 2521 1550 2600 ἐρυμνότατον
1571 2525 1688 2602 τείχους,
1711 2528 1746 2592 ὠς
1766 2526 1916 2599 ἀπαντῆσαι

307 2610 411 2691 θαίρετο
423 2616 475 2670 τῶν
492 2610 562 2677 ίντδς
571 2610 661 2670 τύπων
676 2608 723 2668 καὶ
736 2612 788 2667 τῶν
800 2606 893 2677 ίκτδς,
909 2606 956 2667 καλ
970 2604 1082 2683 ξυομένη
1136 2610 1197 2682 γοῦν
1222 2608 1363 2680 δυνηθῆναι
1385 2609 1403 2681 ἢ
1427 2611 1560 2690 άντισχεῖν
1583 2613 1650 2678 ὅλως
1670 2615 1704 2691 τῇ
1728 2612 1850 2694 τοσαύτη
1870 2619 1914 2673 τοῦ

307 2698 353 2766 καί
374 2698 524 2780 γλορομένη
545 2697 700 2777 ξυστῆρσιν,
715 2695 898 2776 ἐλαμπρύνατο
916 2697 966 2761 ὅλη
982 2694 1080 2757 διόλου.
1136 2693 1208 2753 λίθου
1221 2694 1308 2777 βίσρτε
1321 2698 1454 2778 καίρορᾷ.
1496 2698 1531 2777 (α)
1548 2698 1642 2767 Ούτως
1654 2699 1804 2759 άπιστόντι
1823 2706 1916 2783 χρῆμα

307 2786 363 2848 Καὶ
378 2787 486 2861 τοιαύτη
507 2787 556 2863 μὲν
569 2792 586 2858 ἡ
601 2784 752 2856 κατασκευὴ
771 2785 817 2844 καί
833 2784 864 2845 τὸ
885 2774 950 2850 εἶδος
964 2787 1011 2853 τῆς
1026 2806 1080 2860 μη·
1136 2782 1182 2841 καί
1194 2783 1344 2862 παράλογον
1357 2785 1387 2844 τό
1408 2777 1474 2853 εἶδος
1489 2792 1566 2846 τοῦτο
1582 2791 1629 2858 τῆς
1647 2790 1787 2867 μηχανῆς,
1807 2790 1874 2871 ὅπερ
1892 2793 1915 2849 οῖ

305 2879 402 2955 χανῆς·
414 2874 482 2944 λέξω
499 2876 525 2934 δὲ
536 2876 582 2935 καί
592 2875 640 2946 τὴν
657 2874 800 2956 ἰνίργειαν.
1136 2871 1245 2929 παλαιοὶ
1257 2873 1305 2948 μὲν
1319 2875 1436 2951 βασιλεῖς
1447 2896 1475 2932 τε
1490 2872 1536 2932 καῖ
1546 2874 1688 2954 στρατηγοί
1699 2873 1760 2934 ούτε
1772 2866 1848 2956 εἶχον
1858 2875 1914 2937 ούτε

348 2966 439 3025 ΧΧΧ.
453 2963 632 3035 Ἐνεόίόλητο
644 2966 748 3043 πρῶτον
765 2959 946 3039 ἡκαλουμίνη
962 2958 1080 3039 βοτάνη,
1136 2957 1290 3035 ἐγίνωσκον·
1305 2963 1327 3020 εί
1341 2960 1392 3040 γδιρ
1406 2951 1492 3041 εἶχον,
1509 2961 1581 3021 οὐδὲν
1603 2962 1634 3021 ἂν
1649 2953 1720 3042 είχον
1734 2964 1828 3035 αὐτοῖς
1843 2968 1914 3025 ἀντι-

305 3054 447 3132 σληροῦσα
459 3055 573 3133 ἰσχυρῶς
588 3052 637 3123 τὴν
648 3051 755 3110 όπισθεν
772 3050 836 3121 ὅλην
850 3048 1023 3129 χωνείαν“καλ
1037 3049 1081 3105 τὸν
1136 3049 1226 3119 όαῖνον
1239 3048 1279 3109 ἔτι
1293 3050 1352 3109 ούδδ
1369 3050 1577 3130 προσιστάμενον
1594 3052 1661 3119 ὅλως
1680 3055 1707 3111 ίν
1725 3063 1784 3122 ταῖς
1807 3060 1916 3136 πολιορ-

307 3141 385 3199 αὐλδν
396 3145 443 3210 τῆς
458 3144 581 3219 μηχανῆς
596 3139 645 3205 ἵως
658 3144 703 3199 τοῦ
717 3138 824 3215 στομίου
834 3143 879 3195 τοῦ
893 3135 1014 3214 δευτέρου
1031 3138 1080 3194 αύ-
1135 3136 1215 3213 κίαις,
1229 3137 1287 3198 otti
1298 3140 1404 3198 πολλῶν
1416 3139 1447 3197 δν
1462 3138 1563 3200 ίθάοντο
1577 3143 1604 3207 ἒς
1620 3140 1650 3200 τδ
1664 3149 1826 3202 κατασεῖσαι
1842 3144 1918 3224 τείχη

305 3227 352 3285 λοῦ
368 3232 414 3285 τοῦ
432 3226 570 3300 δεξομένου
579 3226 623 3285 τδν
634 3227 718 3286 λίθον.
735 3226 772 3304 (ε)
788 3225 906 3286 Ἔπειτα
919 3226 957 3303 τῷ
967 3228 1081 3300 στόματι
1134 3248 1162 3283 τε
1175 3227 1221 3284 καὶ
1232 3227 1393 3288 καταθαλεῖν
1406 3235 1452 3288 καί
1465 3228 1499 3287 τδι
1513 3228 1688 3310 ἐρυμνότατον,
1700 3231 1758 3290 ortt
1774 3233 1919 3312 πράγματ’

306 3312 392 3392 τούτῳ
399 3312 534 3379 πάσσαλος
543 3313 700 3387 ἐνιόίόλητο
706 3312 819 3391 μεγίστη
828 3311 905 3381 ξύλου
916 3317 961 3371 τοῦ
975 3317 1082 3390 ἰσχυρο-
1135 3311 1167 3371 ίιν
1183 3305 1254 3394 εἶχον
1270 3316 1469 3395 ἐπιτειχίζοντες
1489 3317 1536 3376 καλ
1550 3317 1720 3398 ταρρεύοντες
1734 3317 1780 3377 καὶ
1795 3322 1919 3399 χώματα

307 3399 404 3472 τάτου,
421 3401 439 3472 ἢ
454 3401 569 3480 σιδηροῖς
584 3404 692 3481 μοχλοῖς
708 3401 858 3477 τνπτομίνη
873 3401 964 3479 βιαίως
977 3400 1079 3473 ὠθεῖτο,
1136 3400 1251 3480 αἴροντες
1273 3402 1319 3462 καί
1338 3403 1527 3482 θπορόσσοντες
1550 3404 1623 3466 ἔστιν
1643 3398 1674 3465 ού
1687 3406 1734 3466 καλ
1753 3407 1828 3469 άλλα
1853 3412 1919 3470 άττα

307 3487 540 3569 οτενσχωρουμένη
553 3489 596 3549 ἐπὶ
608 3491 642 3549 τδι
657 3488 747 3563 ἔνδον,
764 3489 937 3548 ἀποκλείοντα
950 3491 996 3546 καὶ
1010 3487 1081 3557 ξυνί·
1135 3492 1269 3557 ποιοῦντες
1284 3489 1352 3550 ὥστε
1372 3492 1596 3573 παραστήσασθαι
1616 3495 1706 3560 παλαις
1720 3494 1767 3553 καὶ
1779 3498 1921 3578 χειρώσα-

304 3602 389 3661 χουσα
404 3579 452 3649 τὴν
468 3577 580 3657 βοτάνην
596 3577 666 3637 ούτω
678 3601 719 3638 τοι
733 3577 861 3657 ἰσχυρῶς,
881 3579 916 3644 ὠς
931 3578 993 3652 μηδ’
1006 3574 1038 3633 διν
1054 3575 1080 3634 εί
1098 3565 1105 3593 ’“
1136 3583 1197 3638 σθαι
1211 3580 1338 3660 φρούρια,
1351 3580 1420 3641 σίλλδι
1436 3581 1515 3641 πάντ’
1529 3581 1561 3642 διν
1584 3576 1652 3643 εἶκεν
1676 3585 1764 3651 αύτοῖς
1785 3587 1921 3657 tamt

304 3690 331 3725 τι
346 3668 392 3727 καί
411 3670 530 3747 γένοιτο,
553 3668 694 3738 δυνηθῆναι
713 3664 813 3736 ταύτην
836 3664 909 3745 άλλῳ
928 3688 966 3744 τῳ
989 3665 1079 3744 τρόπῳ
1134 3666 1210 3746 λόγος
1231 3666 1277 3727 καὶ
1293 3668 1457 3748 προσεχώρει
1477 3670 1672 3747 κατασειόμενά
1686 3695 1716 3731 τε
1728 3672 1775 3731 καί
1789 3696 1920 3757 καταρρι-

304 3756 400 3814 ίκεῖθεν
415 3757 595 3833 ἐξαιρεθῆναι,
617 3752 655 3825 μὴ
681 3758 728 3825 τῆς
744 3751 855 3832 βοτάνης
869 3750 1080 3832 ἀναρθείσηςτῇ
1135 3752 1268 3831 πτούμεντ
1283 3762 1341 3823 ταῖς
1361 3764 1508 3835 μηχαναῖς·
1524 3759 1584 3817 ἀλλ’
1602 3761 1649 3818 οῦκ
1668 3748 1711 3830 ξν.
1753 3760 1788 3836 (7)
1805 3761 1920 3842 Εύρεμα

305 3843 359 3923 βίρ,
375 3834 498 3905 Εἶτατδν
515 3842 585 3903 λίθον
598 3841 738 3923 ἐπερόρουν
753 3841 878 3907 ὠθοῦντες
891 3840 977 3915 ἐντός,
990 3840 1077 3906 ὅωςίν
1135 3842 1163 3900 δὲ
1184 3847 1261 3903 τοῦτο
1285 3841 1341 3902 νίον
1366 3844 1421 3903 ῖστί
1447 3848 1592 3923 Γερμανῶν
1618 3849 1744 3916 Κελτῶν,
1771 3848 1845 3909 ἐτῶν
1869 3873 1922 3910 που

303 3932 479 4012 χρῷγίνηταε
493 3936 527 4012 τῇ
539 3929 682 4011 πασσάλῳ,
693 3929 738 3988 καὶ
750 3926 915 4008 ξυνέσριγγον
929 3935 1019 3988 τοῦτον
1033 3927 1081 3988 κύ·
1136 3932 1253 4009 μάλιστα
1271 3932 1435 4004 πεντήκοντα
1453 3934 1500 3994 καὶ
1519 3933 1645 4007 ίκατδνη
1664 3934 1711 3994 καὶ
1725 3935 1810 4017 ὀλίγῳ
1825 3939 1921 3998 πλειό-

304 4021 413 4089 κλυηθεν.
455 4019 492 4099 (ι)
507 4018 583 4079 Μετδι
597 4018 625 4076 δδ
646 4022 723 4078 τοῦτο
736 4015 879 4096 τρίψαντες
894 4016 942 4088 τὴν
958 4013 1080 4096 μηχανὴν
1135 4043 1202 4095 νων,
1223 4018 1373 4101 σορώτατον
1396 4021 1466 4081 πάνυ
1488 4022 1534 4083 καλ
1551 4023 1784 4104 περινενοημίνον·
1801 4028 1853 4087 καὶ
1869 4029 1922 4107 μά-

303 4106 368 4184 πρδς
378 4106 393 4165 θ
404 4108 491 4166 παίειν
503 4106 607 4184 ἔμελλε,
618 4105 661 4165 καί
676 4106 874 4182 σταθμήσαντες
887 4105 966 4178 αὐτὴν
979 4105 1081 4181 μέτροις
1135 4107 1213 4165 λιστα
1226 4108 1258 4179 δὴ
1272 4113 1290 4180 ἡ
1306 4111 1354 4179 τῆς
1369 4109 1482 4189 βοτάνης
1499 4109 1618 4187 ξυμόολή
1636 4135 1665 4170 τε
1679 4111 1726 4171 καλ
1740 4118 1879 4176 σκευασία
1897 4117 1922 4183 ἐξ

305 4197 356 4255 τισί
368 4204 494 4275 τεχνικοῖς
507 4194 710 4272 καλάναλογίαις
720 4193 837 4272 πρθςτθν
853 4194 965 4266 σκοπὸν,
976 4193 1074 4275 ἐπερό-
1137 4196 1211 4253 εἰδῶν
1228 4194 1383 4276 ξυγκειμίνη
1404 4201 1571 4279 θερμοτάτων
1584 4200 1629 4258 καὶ
1650 4199 1814 4280 ξηροτάτων,
1833 4205 1922 4287 νίτρου

333 4432 348 4497 §
359 4440 382 4482 θ.
401 4431 543 4495 Ἆνθράκων]
558 4431 693 4497 καρὸαύνων
702 4445 795 4493 margo.
808 4432 845 4481 Cf.
861 4436 892 4481 30
902 4430 916 4495 §
930 4435 956 4482 7.
972 4431 982 4495 ΙΙ
994 4460 1026 4477 -
1039 4433 1122 4488 ῑξωθεν
1132 4431 1142 4496 ]
1150 4446 1226 4497 supra
1235 4447 1337 4494 versum
1345 4436 1453 4488 additur.

333 4506 406 4555 XXX.
428 4503 443 4567 §
458 4506 479 4553 1.
493 4502 645 4565 δνιθὲὅλητο]
657 4504 769 4561 ίὸάόλητο
785 4500 840 4553 νοεῖ.
852 4501 877 4553 h.
890 4503 908 4552 l.
921 4507 947 4553 et
958 4503 973 4567 §
984 4510 1007 4553 2.
1023 4502 1540 4568 ΙΙ-52.11σἰσσαλο;]πάσαλοςοοεθεείι.
1555 4510 1572 4560 l.
1587 4511 1736 4563 etsimititer
1757 4515 1773 4578 §
1790 4521 1809 4569 3
1827 4523 1856 4572 σθ
1873 4524 1922 4579 θη

301 4577 424 4630 πάσσαλος
440 4587 486 4638 pro
501 4578 516 4625 θ
529 4591 605 4625 πασσ.
617 4574 761 4625 recentioris
774 4574 822 4624 aevi
838 4586 886 4622 utu
899 4573 949 4624 dici
960 4574 1070 4625 videtur.
1088 4576 1098 4638 ΙΙ
1112 4604 1139 4612 -
1149 4566 1318 4640 συνίσοεγγονλ
1329 4579 1482 4642 ουνέσριγκον
1490 4594 1558 4631 man.
1577 4587 1605 4642 ¹3
1621 4596 1669 4632 em.
1680 4597 1746 4635 man.
1762 4592 1787 4637 2.

332 4647 381 4710 §3.
392 4644 528 4709 Ίϊχιτκοῖς]
537 4644 607 4695 addit
614 4659 707 4708 margo.
719 4646 730 4706 ΙΙ
744 4673 775 4683 -
786 4644 891 4695 κάτωθεν
904 4646 1119 4710 ύεοστρωνιύοντες
1136 4650 1176 4697 καὶ
1190 4646 1247 4697 add.
1264 4660 1357 4711 margo.

332 4717 386 4781 §⁴-
396 4716 540 4779 Μναοθνὸε]
555 4717 670 4779 νουθνθτ
684 4716 739 4765 ood-

332 4788 384 4851 §tt
396 4787 490 4851 Ὀλως]
501 4800 577 4851 supra
589 4800 689 4837 versum
705 4786 828 4838 additum.

332 4859 380 4922 §7.
389 4860 404 4917 η
414 4856 565 4921 κελτῶυ]καὶ
575 4859 604 4907 Κ.
616 4855 662 4906 uod
676 4857 793 4915 Ιί-Έτῶν
805 4856 853 4920 ρι’]
863 4856 1004 4907 Critobulus
1015 4857 1106 4907 famum
1113 4863 1214 4908 secutus
1225 4859 1394 4923 ωεετίθοιυε,
1404 4874 1454 4924 qut
1467 4860 1615 4913 Betthotdur
1621 4862 1925 4937 summum

302 4930 436 4979 ναοσεεῖιιιε
446 4928 545 4979 ineunte
556 4927 641 4977 secuto
658 4930 714 4976 xlv
725 4927 852 4991 pulverem
861 4926 1047 4977 tormentarium
1065 4926 1186 4979 inveniare
1196 4929 1347 4992 perhibetur.
1365 4931 1412 4981 vet
1421 4932 1505 4982 εοουῑο
1518 4930 1649 4983 undecimo
1664 4937 1740 4986 notus
1749 4942 1809 4991 οτιῑ
1825 4943 1924 5005 Rispa-

302 4998 355 5116 μμ,
366 5000 409 5062 qui
422 4999 513 5085 γραῖαί)
528 4997 648 5081 Ατεθῖθυε
661 5011 734 5083 usurp
742 4997 795 5060 ejus
805 4997 921 5080 ᾱίὅίοἰενσ
930 4998 1128 5084 [uruntur-cum
1139 4999 1312 5087 critobulo-cf.
1321 5001 1531 5087 Chalcucorrdylas·
1544 5016 1570 5067 ρ.
1584 5008 1627 5054 231
1645 5023 1653 5054 :
1666 5007 1733 5057 δοκεῖ
1744 5009 1788 5071 μὴν
1796 5012 1870 5065 αῦτη
1878 5032 1924 5074 τη.

302 5068 1574 5205 ι.ῗὲῗλῖ”.ῗλῖ”ῶ“λ“.ίλίίὲἓύῖἱὲᾜίδίάθῖιὶἷλ”ίάίίῖίίθξίί.ἶὲἶίλῖίὲζῶᾶἓΥ
1582 5074 1926 5219 σῶλίπᾚᾎλᾶῒ

303 5210 382 5265 μανῶν
392 5208 498 5266 γενέσθαι
509 5224 535 5257 τε
554 5209 666 5268 τούτους,
679 5207 719 5255 καὶ
732 5206 823 5262 τούτοις
843 5207 880 5257 ἐπὶ
893 5212 947 5255 νοῦν
960 5207 1056 5271 ἇρῖχθαι
1065 5209 1152 5269 ταύτην
1165 5211 1207 5269 την
1222 5212 1339 5275 μηχανήν.
1360 5210 1371 5274 ΙΙ
1390 5240 1422 5254 -
1431 5210 1567 5276 σκευασία]
1583 5218 1722 5277 κατασκευή
1739 5232 1843 5283 margo,
1861 5227 1874 5286 χ
1893 5252 1928 5265 .-

300 5281 344 5325 τοῦ
355 5276 434 5340 λίθου]
450 5278 507 5328 add.
524 5291 589 5340 rugo.
613 5277 625 5342 ΙΙ
639 5307 669 5320 -
681 5278 803 5342 ιλέπολιν]
817 5277 856 5327 Sir
868 5277 1009 5327 bombardae
1018 5279 1110 5343 suptus
1126 5283 1245 5331 rorantur
1257 5281 1322 5346 apud
1334 5282 1478 5335 ruranuem
1489 5296 1539 5335 εοο.
1557 5283 1628 5336 editt.
1639 5290 1756 5353 nostru,
1769 5292 1818 5344 sed
1838 5297 1915 5350 «τινας
