3838 6030
268 474 324 533 128

267 602 322 661 m’a
336 605 381 660 διό
396 606 534 679 pre'pareie
558 624 611 678 par
631 609 656 661 le
672 606 781 679 Christ,
798 604 868 661 dont
889 608 915 660 lu
935 606 1039 663 felicite

267 701 306 746 est
319 690 465 761 tternelle,
476 692 548 747 dunt
561 694 587 747 le
601 692 686 766 regne
698 692 743 748 n'a
757 711 806 768 pas
819 691 856 749 de
871 692 911 748 fin
924 705 952 749 et
967 693 1039 750 dunt

268 779 306 833 les
325 778 398 851 joies
410 797 447 833 ne
462 778 621 834 diminuere
640 780 733 853 point.
752 780 795 844 Si,
808 797 845 834 au
868 780 924 834 lieu
939 779 1039 836 d'huu-

267 881 360 936 neurs,
370 878 400 922 tu
412 866 577 923 m'nceables
589 866 624 922 de
636 879 685 922 tou
695 869 809 942 mtpris,
822 879 853 923 tu
862 867 1038 926 m'aecordes

267 972 320 1027 par
328 955 354 1009 li
366 956 393 1010 la
403 954 554 1030 splendent
564 955 613 1010 des
622 972 717 1029 auges,
725 954 890 1011 adurateurs
900 956 1037 1017 bienhen-

267 1061 334 1100 reux
349 1042 383 1099 de
398 1044 459 1100 leur
473 1044 617 1100 Createur.
636 1046 670 1100 Et
684 1063 760 1118 pour
773 1063 805 1101 ce
819 1047 869 1119 qui
887 1057 928 1101 est
942 1045 978 1102 de
991 1066 1037 1102 me

268 1150 398 1187 meuaeer
418 1132 454 1187 de
472 1132 500 1187 la
515 1134 614 1206 prison
629 1142 657 1187 et
674 1132 724 1188 des
745 1133 869 1203 chaines,
881 1152 918 1189 au
932 1135 988 1190 lieu
1002 1133 1039 1189 de

267 1215 396 1275 m'elever
411 1237 447 1274 en
473 1219 597 1295 dignus,
615 1231 645 1274 tu
666 1238 711 1275 me
730 1219 814 1275 rends
829 1220 976 1290 heuneus,
991 1239 1039 1276 car

267 1307 303 1363 de
315 1315 387 1362 cette
397 1306 521 1364 muniere
529 1350 537 1382 ‚
545 1306 574 1379 je
588 1309 781 1363 ressernblerai
793 1307 809 1363 ai
821 1327 889 1363 mun
902 1309 1038 1384 seigneur

267 1414 318 1469 par
329 1415 369 1452 ses
382 1396 453 1451 liens
463 1406 492 1452 et
499 1395 526 1468 je
539 1415 585 1452 me
599 1397 733 1469 rejouirai
748 1415 816 1452 arec
831 1397 872 1451 lui
885 1398 912 1452 le
922 1395 990 1469 jour
1002 1397 1037 1452 de

265 1501 317 1538 son
335 1485 511 1541 avenement.
527 1481 568 1538 Eu
588 1502 631 1540 me
646 1484 773 1540 chassant
794 1484 830 1539 de
854 1494 882 1540 ta
903 1485 993 1552 table,
1008 1497 1038 1538 tu

266 1598 310 1634 me
323 1581 458 1654 pre'pures
470 1598 527 1635 une
548 1581 628 1654 place
647 1598 683 1635 au
702 1579 831 1653 banquet
848 1579 1035 1649 d’llbraham,

264 1667 332 1741 pere
354 1668 402 1723 des
421 1679 553 1742 croyants
572 1678 601 1724 et
617 1667 653 1723 de
667 1679 729 1722 tous
742 1669 782 1722 les
796 1667 883 1738 justes
896 1667 945 1739 qui
959 1666 1037 1738 juni-

265 1767 332 1813 ront
346 1756 384 1812 du
397 1774 533 1829 royaume
549 1755 585 1812 de
605 1758 686 1812 [ileu.
702 1757 747 1810 Me
762 1766 936 1811 metueres-tu
952 1754 987 1810 de
1010 1756 1036 1810 la

178 1846 181 1853 '
265 1845 358 1901 mort?
371 1847 447 1901 voici
458 1865 517 1919 'que
531 1856 562 1900 tu
581 1863 626 1899 me
640 1844 690 1900 lais
705 1855 801 1900 entrer
815 1842 885 1899 daus
898 1844 924 1898 le
936 1844 1036 1899 choeur

265 1932 303 1993 du
318 1933 425 2005 Christ,
439 1935 551 1988 ousont
565 1943 628 1987 tous
643 1951 713 1988 ceux
728 1934 842 2004 quiunt
856 1933 900 1988 tte
909 1932 1034 2006 appellis,

265 2021 304 2077 les
324 2021 514 2095 patriarches,
541 2022 582 2076 les
607 2021 710 2091 justes,
735 2021 776 2076 les
802 2019 971 2095 prophetes,
1000 2020 1038 2075 les

266 2359 382 2438 ἀγγέλων
406 2358 485 2436 τιμὴν
506 2360 533 2417 ίν
555 2358 704 2439 εὐφροσύνῃ
722 2359 813 2438 (deest
832 2358 972 2440 σεόόντων)
996 2360 1040 2419 τόν

267 2451 365 2506 ίαυτῶν
375 2447 495 2518 ποιητῆν·
505 2447 549 2506 καί
557 2448 596 2506 ότι
604 2447 689 2525 λέγεις
701 2448 758 2506 ἀντὶ
767 2447 912 2526 ἀξιώματος
922 2447 1041 2528 φυλακὴν

221 2564 226 2571 ·
265 2535 310 2595 καί
321 2536 404 2612 δισμδι
415 2534 566 2615 περιόαλιῖν
579 2558 636 2613 μοι,
645 2535 776 2616 μακάριός
787 2539 841 2613 είμι
849 2536 985 2613 δεξάμενος
994 2535 1042 2607 τῆν

267 2625 379 2701 μίμησιν
388 2627 441 2683 τῶν
452 2626 553 2700 δεσμῶν
565 2630 610 2683 τοῦ
621 2627 684 2701 ἐμοῦ
695 2623 881 2695 δεσπότου,ίνσι
893 2627 950 2703 μετ’
962 2626 1042 2684 αὐτοῦ

267 2716 400 2792 εὐφρανθῶ
422 2712 467 2771 καί
488 2708 692 2792 σίγαλλισίσωμαι
710 2715 736 2772 ίν
751 2718 784 2794 τῆ
798 2718 877 2773 αὐτοῦ
895 2714 1039 2795 παρουσίᾳ.

270 2800 322 2860 Καί
338 2801 429 2872 ἐπειδὴ
444 2802 556 2877 νομίζεις
567 2803 718 2881 ἀποστερεῖν
734 2825 767 2880 με
783 2806 836 2861 τῶν
850 2805 902 2863 σῶν
916 2801 1039 2878 δείπνων,

267 2889 322 2949 ἰδοῦ
336 2891 483 2966 ἑτοιμάζεις
495 2915 528 2968 με
543 2892 733 2962 κατακλιθῆναι
745 2890 811 2968 μετά
825 2899 870 2951 τοῦ
881 2891 979 2969 πατρὸς
994 2894 1040 2962 τῆς

267 2979 378 3045 πίστεως
390 2981 463 3056 ἡμῶν
474 2977 607 3057 Ἀθραδιμ,
620 2978 665 3037 καί
678 2986 784 3039 πάντων
796 2982 848 3038 τῶν
860 2979 976 3051 δικαίων,
988 2980 1039 3035 τῶν

268 3067 413 3138 μελλόντων
422 3067 850 3151 εὖφρανθῆναιέντῆβασιλείᾳσοῦ
858 3071 937 3127 Θεοῦ·
946 3066 990 3125 καί
999 3065 1039 3124 ὅτι

269 3157 381 3223 ἀπειλεῖς
393 3178 438 3231 μοι
449 3157 567 3229 θάνατον,
577 3155 631 3215 ἰδοῦ
642 3156 807 3233 άναμιγνύεις
818 3181 851 3232 με
862 3159 897 3223 είς
907 3156 950 3214 τὸν
961 3155 1038 3235 χορδν

269 3249 313 3301 τοῦ
330 3247 416 3316 Θεοῦ,
432 3242 492 3304 ἔνθα
505 3243 599 3311 πάντες
618 3245 668 3302 elui
688 3245 859 3323 χορεύοντες,
873 3244 983 3324 πατέρες
994 3244 1040 3301 καὶ

270 3332 364 3391 δίκαιοι
383 3332 427 3390 καί
444 3337 577 3413 προφῆται
591 3333 636 3391 καῖ
646 3334 787 3391 ἀπόστολοι
800 3334 845 3392 καί
855 3333 986 3414 μάρτυρες
996 3330 1041 3391 καί

271 3420 366 3487 πάντες
384 3422 408 3478 οί
428 3420 544 3480 ἐκλεκτοί
559 3426 602 3478 τοῦ
617 3422 711 3489 Θεοῦ,
745 3420 839 3487 Καθὼς
860 3422 885 3479 δὲ
900 3419 983 3498 λέγεις
1002 3419 1042 3477 δτι

271 3510 297 3567 ε’ν
311 3512 348 3589 τῷ
366 3514 468 3588 θανάτῳ
481 3508 528 3579 τὴν
540 3508 633 3566 ίλπίδα
648 3512 694 3579 τῆς
708 3511 776 3581 ζωῆς
790 3531 836 3568 σου
848 3508 982 3581 ἐκκόπτει,
993 3509 1042 3586 oisy¹

266 3599 282 3667 ῆ
294 3596 345 3673 ἐμῆ
356 3597 414 3656 ἀλλ’
422 3596 549 3668 οὖδενδςῆ
562 3597 635 3663 ίλπῖς
642 3596 799 3657 ἐκκόπτεται
811 3597 863 3656 ἀπὸ
874 3596 978 3656 πάντων
986 3599 1037 3653 τῶν

268 3685 404 3745 θεοσεόῶν·
419 3689 436 3757 ῆ
453 3684 480 3744 δὲ
504 3690 553 3745 τῶν
579 3686 703 3766 θεοφιλῶν
725 3685 799 3752 ἐλπίς
822 3685 987 3767 περικρατεῖ,
1006 3684 1038 3755 ἣν

266 3772 340 3850 κάγδν
355 3774 433 3842 αὐτὸς
452 3773 518 3853 ἔχω·
532 3779 584 3833 τῶν
604 3773 631 3832 δὲ
649 3777 707 3833 καθ’
722 3783 788 3851 υμᾶς
808 3773 985 3853 λατρευόντων
1002 3776 1037 3832 εί·

267 3861 356 3929 δῶλοις
378 3862 424 3921 καί
448 3865 638 3940 χειροποιήτοις
671 3864 814 3942 ἀνθρώπων
821 3909 829 3936 ,
854 3865 956 3936 ἀληθῶς
980 3860 1037 3922 ἐστὲ

268 3953 462 4028 άπηλπισμένοι
476 3952 528 4011 ἀπὸ
543 3956 590 4023 τῆς
603 3955 690 4022 θεῖκῆς
704 3955 781 4022 ζωῆς.

304 4043 321 4117 S
331 4049 378 4108 nt.
386 4038 440 4100 Ἢν
450 4041 476 4100 δὲ
486 4038 517 4098 σθ
527 4041 615 4109 καλεῖς
628 4041 747 4120 μεγάλην
757 4040 894 4100 δέσποιναν
905 4037 1039 4119 Ἄρτεμιν,

269 4129 376 4188 σεαυτὸν
390 4131 498 4187 ἀπατῶν
510 4130 538 4205 (f.
554 4132 677 4209 άπατᾷς).
700 4132 760 4209 Οὐχ
774 4127 856 4195 οὕτως
868 4127 920 4208 γδιρ
935 4129 991 4207 ἔχει
1007 4127 1040 4185 τδι

266 4241 298 4277 πε
304 4218 328 4296 pl
337 4218 445 4276 τούτων·
456 4216 513 4276 ἀλλ’
521 4217 651 4296 ἄνθρωποι
661 4217 779 4297 ἐγένοντο
787 4221 813 4275 ἐν
825 4222 909 4299 καιρῷ
918 4240 977 4278 τινι.
987 4217 1040 4277 Καὶ

266 4307 406 4385 ἐπειδήπερ
422 4306 464 4365 td
479 4304 582 4378 κνῆσεις
597 4306 727 4384 δαιμόνων
743 4307 789 4365 καῖ
800 4305 921 4385 γοητείας
936 4305 1040 4378 ἐξέστη·

266 4418 314 4453 σαν
329 4393 387 4463 τοῦς
398 4417 428 4453 τε
447 4394 614 4474 ἀνθρώπους,
629 4395 730 4476 μορφδς
741 4394 785 4454 καί
796 4394 940 4476 φαντασίας
954 4395 1039 4452 αὐτῶν

264 4488 316 4543 τῶν
328 4483 456 4561 δαιμόνων
470 4485 636 4556 δεικνύντων,
647 4483 754 4545 ἔπεισαν
768 4483 871 4564 βωμοθς
881 4484 1036 4560 οἰκοδομεῖν,

265 4574 309 4631 καὶ
323 4574 422 4647 στήλας
436 4577 550 4646 στῆσαι,
562 4572 609 4633 καί
628 4581 782 4653 προσκυνεῖν
795 4572 828 4632 el
846 4575 986 4654 ἀνωφελῆ,
1005 4570 1038 4630 et

266 4661 312 4735 μὲν
345 4662 411 4740 μηδὲ
441 4664 521 4722 κακόν
551 4661 617 4738 μηδὲ
640 4662 735 4743 σἰγαθδν
759 4666 870 4734 ποιῆσαι
894 4662 1035 4737 δυνάμενα.

265 4749 334 4809 (liii
348 4752 399 4832 γδιρ
419 4756 530 4828 τιμῆσαι
549 4750 607 4820 τοθς
631 4752 709 4818 ἰδίους
732 4751 892 4831 λατρευτδις,
905 4749 963 4809 οῦδὲ
979 4752 1037 4808 ιἰτι-

266 4843 350 4915 μῆσαι
368 4839 426 4907 τοῦς
450 4840 599 4920 θόρίζοντας
613 4831 661 4900 οἷοί
681 4839 710 4899 τί
734 4842 809 4913 εἰσιν,
831 4839 950 4907 οίίστινας
965 4842 1038 4916 ὑμεῖς

267 4928 441 4994 ακοτισθέντες
463 4927 618 5007 λατρεόετε,
641 4928 686 4989 καί
707 4928 751 4987 τδν
778 4932 836 4987 νοῦν
860 4927 1035 5001 ἐξεστηκότες.

268 5014 320 5075 Καί
335 5015 392 5073 ἀντὶ
409 5020 454 5074 τοῦ
472 5017 556 5090 Θεοῦ,
577 5010 607 5075 οῦ
628 5020 679 5076 τῶν
695 5019 800 5094 ἀγαθῶν
815 5018 978 5089 σἰπελάόετε,
997 5039 1036 5074 τι-

267 5113 333 5179 μᾶτε
348 5103 407 5169 τοὺς
416 5103 525 5171 λιθίνους
540 5106 585 5165 καί
599 5103 715 5173 ξυλίνους
731 5106 776 5163 καὶ
790 5111 902 5185 χρυσοῦς
923 5105 968 5164 καί
990 5110 1037 5184 σίρ-

267 5198 369 5271 γυροῦς,
381 5191 399 5249 θ
412 5194 426 5250 θ
439 5194 506 5258 Θεὸς
517 5192 616 5254 ἔκτισεν
629 5196 664 5261 είς
679 5193 822 5271 ὑπηρεσίαν
834 5193 879 5254 καί
891 5194 1036 5254 ἀπόλαυσιν

267 5279 311 5340 καί
331 5278 421 5363 ιχρείαν
439 5282 492 5339 τῶν
508 5279 687 5362 ἀνθρώπων...

947 471 1189 534 AGATHANGE.

1093 607 1217 682 ιιρόιιεε,
1225 608 1264 663 les
1273 619 1396 681 martyrs
1405 619 1434 662 et
1442 608 1551 663 tousles
1559 606 1627 663 elus.
1635 608 1732 662 'sume
1741 622 1857 660 menacrs
1899 624 1902 677 γ

1094 695 1130 750 de
1143 695 1295 751 m'enlever
1310 714 1362 770 par
1376 696 1403 751 ln
1422 706 1497 751 mort
1511 692 1683 768 l'esptrenee
1704 694 1739 750 de
1761 692 1786 748 la
1802 693 1855 761 vie,
1899 690 1909 745 “.’

1092 801 1178 857 parce
1193 782 1277 858 qu'ep
1289 785 1377 841 verite
1396 795 1427 839 ιιι
1441 782 1500 839 n'as
1518 783 1601 856 point
1620 780 1809 855 d'esperanee.
1821 781 1856 834 Νι
1900 796 1909 837 's

1091 872 1193 926 sais-tu
1215 891 1265 945 pas
1285 890 1341 945 que
1355 868 1524 946 l’esperance
1542 871 1578 927 de
1591 888 1664 925 ceux
1682 870 1732 943 qni
1746 869 1855 925 adorent

1092 959 1165 1013 Dieu
1189 977 1218 1014 se
1239 959 1477 1015 rallermiti'lous
1500 975 1571 1014 ceux
1595 959 1661 1031 qui,
1679 974 1789 1013 comme
1807 958 1857 1017 toi,

1093 1046 1213 1102 adorent
1224 1047 1273 1103 des
1283 1046 1368 1103 dieux
1378 1059 1478 1122 muets,
1489 1057 1517 1103 et
1531 1047 1571 1100 les
1579 1063 1719 1119 ouvrages
1733 1044 1859 1099 inanimis

1094 1135 1155 1190 faits
1169 1154 1222 1210 par
1236 1136 1263 1190 la
1283 1138 1359 1191 main
1381 1136 1430 1191 des
1447 1135 1590 1203 hommes,
1607 1132 1786 1206 desespereut
1800 1132 1860 1186 riri-

1095 1223 1250 1279 tablement
1263 1224 1299 1279 de
1317 1226 1344 1279 la
1363 1225 1440 1280 vraie
1460 1224 1504 1278 vie
1519 1222 1556 1278 de
1573 1224 1697 1279 Diem...

1137 1308 1167 1389 [S
1179 1311 1242 1388 nh]
1254 1338 1265 1361 ι
1277 1315 1370 1384 Quant
1384 1313 1401 1368 ai
1414 1314 1440 1367 la
1453 1312 1539 1368 noble
1554 1311 1638 1367 dame
1650 1308 1763 1367 hnahid
1773 1326 1824 1382 que
1837 1318 1861 1362 m

1097 1403 1220 1476 appelles
1238 1398 1483 1470 Grande-Decus,
1497 1401 1517 1455 il
1530 1419 1551 1473 y
1564 1412 1614 1457 eut
1632 1400 1774 1473 peut-ttre
1793 1396 1860 1468 jadis

1097 1509 1152 1545 une
1169 1490 1271 1544 fernme
1290 1489 1325 1545 de
1343 1509 1375 1544 ce
1396 1508 1479 1562 uum,
1501 1489 1582 1562 iqui
1605 1488 1656 1543 des
1673 1488 1814 1551 hommes,
1828 1504 1858 1539 au

1092 1595 1197 1650 moyen
1218 1575 1478 1633 d'euchantemeuts
1500 1577 1687 1650 idolatriques
1704 1586 1733 1630 et
1752 1574 1789 1631 de
1806 1574 1859 1628 fan·

1094 1668 1182 1722 tdmes
1195 1668 1390 1741 representant
1398 1666 1559 1723 differentes
1571 1665 1675 1741 figures
1687 1665 1723 1722 de
1734 1663 1856 1732 demone,

1094 1754 1281 1831 imaginirent
1301 1755 1337 1811 de
1364 1756 1434 1811 taire
1453 1756 1547 1812 elever
1561 1755 1610 1811 des
1632 1756 1749 1829 temptes
1771 1765 1800 1809 et
1817 1753 1859 1807 des

1092 1855 1212 1913 statues,
1233 1862 1307 1918 pour
1323 1845 1363 1900 les
1387 1844 1501 1900 adures.
1527 1844 1579 1901 Ces
1603 1843 1768 1898 simulacres
1787 1841 1859 1897 n'onl

1093 1950 1143 2004 pas
1162 1930 1198 1987 de
1223 1933 1285 2001 νίας
1308 1932 1342 1987 ils
1361 1951 1397 1987 ne
1419 1940 1544 2006 pensent
1561 1931 1631 1988 faire
1650 1933 1680 1985 ui
1699 1932 1725 1987 le
1745 1931 1814 1987 bien
1834 1932 1858 1983 ni
1908 2004 1909 2009 ρ

1093 2020 1208 2089 lemni,
1230 2022 1262 2075 ils
1281 2039 1316 2074 ne
1337 2023 1600 2096 peuventhouurer
1614 2022 1689 2076 leurs
1712 2021 1857 2087 ministres,

1100 2358 1172 2417 Quod
1184 2357 1282 2419 dixisti,
1293 2342 1338 2422 pro
1347 2358 1423 2423 gloria
1430 2358 1586 2423 ignominiam
1595 2361 1620 2409 te
1630 2359 1766 2419 illaturum,
1775 2357 1862 2407 omniuo

1095 2454 1155 2505 mihi
1168 2456 1284 2506 concilias
1294 2456 1411 2507 honorem
1425 2458 1580 2521 angelorum,
1589 2471 1647 2508 cum
1655 2457 1742 2508 laetitia
1752 2457 1860 2507 factumn

1095 2564 1167 2603 suum
1190 2554 1348 2604 laudantium.
1382 2553 1454 2612 Quod
1476 2555 1528 2616 eis,
1549 2569 1593 2618 pro
1613 2553 1731 2619 dignitate
1751 2566 1861 2605 carcerem

1097 2650 1123 2698 et
1139 2649 1236 2700 viuetrlu
1250 2649 1310 2699 mihi
1327 2653 1478 2714 preparata,
1492 2649 1580 2700 beatus
1598 2663 1665 2709 sum,
1678 2650 1701 2700 si
1711 2649 1807 2700 vincula
1822 2647 1858 2696 do·

1098 2746 1157 2797 mini
1166 2745 1214 2796 mel
1225 2744 1319 2794 valeam
1327 2744 1418 2795 imitari
1428 2747 1472 2806 ,ut
1484 2758 1541 2795 curn
1555 2745 1609 2808 ipso
1618 2744 1802 2795 oblectationem
1812 2757 1860 2793 eou-

1099 2855 1196 2905 sequar,
1207 2844 1232 2891 et
1249 2841 1274 2890 in
1294 2841 1402 2892 adventu
1414 2841 1468 2904 ejus
1484 2840 1615 2891 exsultem.
1648 2839 1721 2898 Quod
1732 2840 1859 2895 stetuisme

1097 2939 1146 2997 tuis
1160 2937 1255 3002 privare
1266 2938 1342 2987 cums
1351 2978 1357 2998 ‚
1367 2951 1490 3001 properas
1502 2950 1543 2987 me
1553 2935 1586 2987 ed
1603 2936 1798 2988 decumbentium
1810 2948 1860 2984 enm

1097 3049 1165 3108 patre
1177 3044 1235 3095 fidei
1248 3048 1339 3095 nostro
1351 3043 1489 3105 Abraham,
1502 3048 1528 3094 et
1538 3057 1595 3095 cum
1607 3042 1722 3094 omuibus
1731 3039 1860 3107 justisqui

1094 3144 1218 3195 hilaritate
1231 3157 1327 3194 summa
1340 3144 1497 3208 perfruentur
1507 3144 1532 3193 in
1542 3157 1616 3209 regno
1624 3143 1678 3195 liei.
1713 3143 1783 3202 Quod
1796 3152 1857 3191 mor·

1095 3250 1145 3297 tem
1161 3246 1221 3297 mihi
1234 3246 1369 3305 minitaris;
1382 3260 1439 3297 eece
1453 3247 1578 3298 immisces
1590 3261 1632 3299 me
1647 3247 1722 3298 chono
1736 3247 1791 3307 Dei,
1801 3241 1858 3309 apud

1096 3363 1171 3412 quem
1183 3363 1269 3400 omnes
1282 3349 1385 3400 choreas
1404 3353 1495 3414 agunt,
1508 3353 1609 3411 Patres,
1624 3349 1705 3412 lusti,
1726 3348 1856 3413 prophete.

1097 3449 1223 3514 Apostoli,
1240 3452 1374 3512 Martyres,
1387 3453 1413 3501 et
1431 3462 1515 3500 omnes
1534 3450 1606 3501 electi
1621 3450 1674 3501 Dei.
1709 3455 1788 3510 Quum
1806 3459 1856 3496 reru

1096 3549 1178 3600 dixisti
1193 3552 1292 3603 :Morte
1307 3563 1405 3601 omnem
1423 3550 1468 3600 tibi
1490 3549 1550 3600 rite
1569 3563 1639 3615 spem
1656 3549 1773 3602 abscindo
1791 3569 1797 3598 ι
1816 3560 1870 3595 ιιοιιλ

1097 3665 1151 3702 mea
1167 3664 1246 3715 neque
1258 3651 1369 3701 omnium
1381 3650 1479 3715 piomm
1492 3664 1549 3715 spes
1562 3653 1642 3703 morte
1656 3650 1817 3706 ebscinffltnn
1826 3645 1856 3694 in·

1097 3753 1198 3805 valescit
1206 3766 1265 3804 vero
1279 3766 1336 3818 spes
1350 3757 1429 3804 Deum
1439 3752 1586 3816 colentium,
1597 3766 1671 3816 qnam
1686 3756 1712 3804 et
1725 3766 1769 3818 ego
1781 3750 1857 3801 haben

1094 3857 1184 3903 tiorum
1199 3868 1257 3905 vero
1267 3892 1273 3916 ,
1284 3854 1326 3917 qui
1340 3853 1404 3918 apud
1416 3868 1462 3904 ros
1477 3853 1542 3905 iduh
1553 3856 1579 3904 et
1595 3867 1670 3918 opere
1690 3867 1805 3904 manuum
1818 3862 1853 3899 οο·

1096 3955 1164 4016 lunt,
1176 3956 1242 4005 uuile
1254 3968 1339 4005 revera
1350 3958 1389 4005 est
1402 3968 1457 4019 spes
1469 3954 1526 4004 vitai
1538 3953 1637 4004 diriore.

1127 4045 1142 4109 §
1154 4049 1193 4095 m.
1204 4044 1276 4103 Quod
1285 4049 1367 4095 autem
1376 4058 1488 4109 maguam
1498 4043 1622 4095 dominam
1630 4056 1706 4095 rocas
1712 4040 1856 4097 Artemiten,

1095 4150 1119 4200 id
1130 4150 1191 4203 iacis
1200 4153 1225 4202 te
1235 4150 1288 4217 ipse
1298 4151 1430 4216 decipiens.
1446 4154 1499 4202 Non
1509 4151 1545 4201 its
1553 4164 1580 4202 se
1592 4150 1684 4203 hebent
1696 4164 1737 4202 res
1747 4149 1855 4201 istorum:

1094 4255 1138 4305 ωε
1153 4254 1264 4307 nomines
1277 4255 1407 4319 aliquando
1425 4240 1536 4307 ruerint.
1571 4255 1733 4318 etquenam
1746 4254 1857 4304 aeuum

1096 4376 1140 4425 per
1155 4362 1292 4427 prurigines
1310 4365 1336 4413 et
1354 4361 1490 4427 prestigias
1507 4359 1619 4412 homiues
1640 4361 1665 4411 in
1686 4359 1857 4412 admiralium

1096 4470 1237 4531 traxerunt,
1248 4466 1296 4530 ipsi
1315 4467 1406 4530 figures
1423 4468 1448 4517 et
1465 4465 1636 4530 phantesmata
1653 4462 1857 4531 representantur

1096 4576 1271 4641 persuaserunt
1290 4586 1341 4637 ers,
1354 4576 1382 4624 ut
1402 4572 1487 4624 ulteria
1509 4572 1673 4634 edificarent,
1689 4563 1857 4623 colomanni

1092 4680 1189 4741 gerent,
1204 4679 1229 4727 et
1242 4675 1371 4727 adorarent
1383 4674 1492 4738 munna,
1507 4689 1564 4739 quo
1585 4688 1666 4739 noque
1680 4676 1773 4727 malum
1786 4672 1854 4725 tecet

1091 4780 1210 4842 possunt,
1227 4790 1306 4841 neque
1324 4775 1425 4827 bonum.
1458 4774 1555 4826 Etenim
1568 4788 1614 4825 nec
1631 4773 1754 4827 honorare
1767 4769 1855 4839 possunt

1092 4878 1200 4931 cultures
1213 4893 1287 4940 suos,
1299 4890 1345 4928 nee
1354 4876 1442 4941 iniuria
1451 4877 1584 4928 afficientes
1594 4875 1754 4941 ignominiose
1763 4874 1850 4927 θείνεται

1091 4992 1154 5042 quos
1167 4992 1213 5031 vos
1224 4978 1332 5032 tenebris
1345 4978 1461 5029 exuenti
1482 4980 1508 5028 et
1520 4980 1602 5029 mente
1615 4977 1690 5029 emoti
1702 4976 1784 5028 (lirino
1793 4972 1851 5024 euim

1091 5080 1216 5133 honoratis
1228 5085 1254 5133 et
1265 5082 1311 5133 Dei
1323 5081 1390 5144 loco,
1404 5095 1419 5131 ε
1430 5093 1479 5144 quo
1489 5080 1568 5131 bonas
1581 5079 1723 5145 accepistis,
1732 5091 1776 5130 ros
1785 5072 1851 5127 ediis

1091 5185 1212 5250 lapideos,
1220 5185 1313 5251 ligneos
1322 5224 1328 5247 ,
1338 5198 1426 5236 aureos
1435 5223 1440 5249 ,
1450 5186 1577 5250 argenteos
1587 5182 1665 5246 deos,
1676 5196 1739 5247 quas
1751 5175 1851 5232 mult·

1091 5289 1160 5340 Deus
1172 5287 1265 5339 creadt
1278 5287 1303 5338 in
1318 5286 1481 5339 ministerium
1492 5288 1517 5337 et
1529 5296 1602 5336 usum
1615 5283 1771 5336 hominum...

1902 2180 1909 2215 ί

1902 2220 1908 2259 l
