3890 6044
272 500 342 609 xxii
819 564 822 571 ι
923 522 1220 604 rauracorum.

272 679 433 758 profectum
444 676 546 755 ibique
558 696 575 735 a
589 674 676 736 Gallo
693 675 828 755 llerippae
847 673 968 734 domino
985 687 1066 733 sueta
1083 673 1279 752 hospitalitate
1297 685 1450 750 exceptum
1474 690 1553 743 esse3
1576 686 1700 729 uxorem
1716 686 1789 729 vero
1805 689 1870 746 per·

273 775 331 835 lida
343 775 489 834 delatione
507 772 657 832 dominum
677 773 820 831 adducere
833 771 978 831 studuisse
991 783 1024 829 ut
1038 771 1174 829 maritum
1189 768 1332 827 occideret
1345 787 1400 826 nec
1412 767 1506 847 ipsam
1521 768 1695 841 dimitteret3
1710 781 1738 827 at
1758 782 1870 828 tantum

274 874 402 934 abfuisse
414 888 446 933 ut
461 875 511 932 ille
524 872 694 931 facinorosae
708 871 825 931 mulieri
840 873 1069 948 obtemperaret,
1080 883 1113 926 ut
1124 866 1271 945 supplicio
1282 866 1389 944 justam
1404 867 1431 925 ei
1449 866 1567 925 sceleris
1583 885 1700 945 poenam
1711 865 1870 942 infligeret.

272 971 430 1050 cujusnam
445 971 560 1049 generis
576 969 663 1028 fuerit
678 989 752 1048 opus
765 968 954 1027 historiarum
973 967 1078 1044 inquo
1096 965 1148 1026 illa
1165 961 1344 1040 legebantur,
1358 983 1395 1021 ex
1410 962 1498 1021 unico
1517 961 1574 1020 hoc
1591 962 1752 1040 specimine
1770 964 1872 1041 colligi

231 1064 234 1069 ’
271 1069 382 1147 nequit.
394 1067 505 1137 Quodsi
518 1086 665 1126 sumamus
686 1065 750 1124 haec
761 1066 851 1144 petita
861 1083 923 1122 esse
941 1083 958 1122 e
972 1062 1052 1122 libro
1065 1063 1162 1142 primo
1173 1060 1272 1138 operis
1292 1058 1426 1118 historici
1438 1103 1446 1133 ‚
1457 1058 1542 1136 quale
1560 1058 1760 1118 Aristodemus
1771 1074 1872 1121 noster

271 1165 426 1244 scripsisse
438 1164 566 1235 videtur,
583 1163 699 1240 opinari
713 1180 782 1221 sane
795 1164 892 1238 possis
905 1173 1050 1220 auctorem
1065 1159 1160 1238 (sicuti
1176 1157 1337 1216 Diodorum
1358 1157 1436 1214 libro
1453 1154 1564 1234 quinto}
1580 1156 1690 1234 Ephori
1702 1159 1870 1237 exemplum

258 1271 417 1337 secuturas,
432 1258 518 1321 libris
532 1258 679 1317 historicis
700 1258 872 1336 praemisisse
886 1255 1080 1334 geographica
1099 1269 1127 1314 ct
1142 1253 1367 1331 ethnographica
1385 1253 1531 1329 quaedam,
1548 1252 1580 1310 in
1604 1253 1700 1330 iisque
1720 1274 1814 1331 quum
1836 1258 1873 1315 de

270 1358 448 1437 poptrlcrnm
464 1356 596 1416 moribus
615 1368 643 1415 et
657 1357 797 1415 institutis
817 1374 912 1414 serum
928 1355 1024 1429 lieret,
1037 1353 1122 1412 etiam
1138 1351 1211 1410 illud
1228 1351 1264 1408 de
1277 1349 1389 1408 Cauara
1408 1347 1492 1406 Gallo
1505 1362 1652 1407 narratum
1664 1369 1745 1422 esse,
1758 1355 1872 1431 quippe

271 1472 331 1532 quo
343 1453 520 1532 probaretur
533 1451 636 1512 Gallos
655 1459 709 1517 τοῖς
725 1451 800 1523 ἤθεσι
814 1451 912 1518 διπλοῦς
925 1441 992 1510 εἶναι
1005 1449 1051 1509 καὶ
1067 1447 1134 1508 πολὺ
1154 1444 1365 1529 κεχωρισμένους
1379 1448 1426 1516 τῆς
1438 1447 1490 1503 τῶν
1502 1449 1546 1503 νῦν
1563 1446 1706 1525 ἀνθρώπων
1723 1448 1853 1528 πονηρίας
1938 1482 1940 1511 1

270 1563 300 1610 ut
314 1552 392 1612 iuter
403 1552 461 1609 alia
475 1551 513 1608 de
527 1549 620 1609 Gallis
635 1547 725 1607 verba
740 1549 848 1607 faciens
862 1546 1010 1606 Diodorus
1030 1547 1072 1623 (5,
1086 1566 1136 1617 aa,
1151 1545 1178 1622 5)
1191 1545 1289 1604 tradit.
1305 1543 1376 1603 Etsi
1390 1544 1457 1621 quis
1470 1543 1590 1621 objiciat
1604 1557 1711 1603 tantam
1726 1549 1872 1606 narratio·

269 1651 317 1708 nis
332 1647 527 1727 prolixitatem
548 1647 625 1706 haud
641 1647 743 1705 cadere
758 1646 789 1707 in
803 1644 954 1704 historiam
969 1643 1233 1722 compendiariam,
1247 1643 1424 1721 respondere
1441 1642 1510 1701 licet
1532 1661 1594 1701 eam
1617 1641 1748 1701 obtinere
1766 1644 1799 1702 in
1817 1665 1870 1705 su-

269 1745 390 1826 perstite
417 1745 578 1820 fragmento
601 1742 856 1821 inaequabilitatem
878 1753 910 1800 nt
931 1762 977 1801 res
997 1741 1176 1817 gravissimae
1199 1752 1249 1798 aut
1275 1740 1336 1798 levi
1356 1738 1494 1798 bracchio
1513 1751 1667 1815 tangantur
1681 1752 1731 1799 aut
1750 1742 1873 1805 silentiu

268 1853 450 1920 premantur,
468 1841 567 1898 multis
579 1852 673 1899 autem
687 1838 787 1897 verbis
801 1847 963 1916 exponatur
982 1836 1199 1896 narratiuncula
1216 1837 1253 1895 de
1267 1835 1404 1894 Cleonice
1421 1835 1533 1914 puella,
1547 1856 1633 1914 quam
1659 1836 1824 1898 Pausanias
1841 1841 1872 1901 in

268 1936 406 2000 cubiculo
421 1936 605 1996 interfecerit.
618 1935 818 1994 Verumtamen
833 1933 991 2012 quominus
1008 1931 1154 2010 ejusmodi
1166 1932 1385 2012 suspicionibus
1396 1933 1492 1991 locutu
1508 1932 1623 2005 demus,
1634 1953 1670 1995 eo
1687 1934 1873 2013 impedimur

269 2035 348 2112 quod
361 2035 551 2110 fragmentum
564 2032 758 2106 Aristodemi,
775 2031 857 2091 nulla
870 2031 979 2089 virtute
995 2029 1046 2089 sed
1064 2031 1147 2089 vitiis
1160 2030 1298 2108 plurimis
1319 2030 1529 2108 conspicuum,
1542 2029 1642 2089 indole
1653 2050 1706 2090 sua
1720 2045 1749 2090 et
1767 2035 1872 2096 colore

269 2143 415 2188 auctorem
432 2131 531 2208 prodit
546 2149 644 2189 rerum
663 2129 870 2189 historicarum
887 2129 959 2186 adeo
974 2127 1094 2201 rudem,
1107 2140 1139 2186 ut
1154 2128 1184 2186 in
1201 2146 1236 2186 eo
1255 2126 1389 2205 Pompeji
1405 2126 1543 2204 aequalem
1567 2139 1595 2185 et
1619 2127 1712 2204 ipsius
1733 2131 1871 2212 Pompeji

269 2226 316 2285 vel
330 2227 490 2287 liberorum
503 2228 567 2307 ejus
578 2228 745 2305 magistrum
758 2247 842 2286 nemo
859 2224 1009 2304 agnoverit
1019 2223 1076 2282 nisi
1091 2224 1260 2282 certissimis
1273 2238 1390 2283 coactns
1407 2224 1597 2300 argumentis.
1608 2224 1756 2295 Quatenus
1778 2228 1872 2305 igitu'r

265 2323 418 2401 isequioris
430 2322 485 2380 aevi
503 2321 649 2381 hominem
662 2323 741 2381 etad
755 2322 926 2382 scribendas
942 2320 1078 2378 historias
1091 2339 1150 2378 non
1162 2320 1232 2379 satis
1243 2322 1417 2379 instructum
1431 2339 1479 2379 res
1492 2320 1556 2400 ipsa
1576 2321 1722 2399 postulare
1736 2318 1870 2402 videtur,

267 2417 453 2502 probabilius
468 2418 576 2496 aliquis
589 2417 748 2495 conjecerit
761 2431 909 2478 auctorem
928 2418 1095 2494 fragmenti,
1116 2419 1211 2495 quiin
1223 2421 1323 2479 codice
1340 2420 1476 2479 Parisino
1490 2440 1555 2480 cum
1571 2420 1671 2480 flavio
1687 2422 1871 2486 Philostrato

265 2515 463 2597 componitur,
480 2515 611 2574 fortassis
625 2533 689 2573 esse
708 2515 923 2574 Aristodemum
937 2514 1069 2591 ejusdem
1085 2513 1252 2575 Philostrati
1267 2518 1457 2586 familiarem,
1479 2520 1530 2595 qui
1552 2518 1589 2577 de
1607 2518 1770 2596 pictoribus
1791 2525 1870 2583 scri-

266 2615 358 2692 psisse
372 2610 508 2685 traditur,
522 2611 650 2670 scribere
663 2630 734 2670 nero
750 2611 836 2670 etiam
847 2611 978 2670 historiae
989 2611 1192 2689 compendium
1212 2615 1354 2692 potuerit,
1364 2614 1606 2692 quemadmodum
1618 2615 1721 2675 [lurim
1733 2616 1868 2678 Samium

265 2710 411 2770 etlubam
436 2726 533 2786 regem
555 2720 616 2772 tum
646 2708 707 2787 ιιιρλ
726 2709 871 2791 ζωγράφων
890 2707 983 2767 libros
1004 2708 1202 2786 composuisse
1221 2723 1281 2769 tum
1304 2711 1443 2771 historias
1462 2712 1630 2774 condidisse
1652 2729 1773 2775 constat.
1803 2716 1868 2793 Ego

264 2826 336 2866 vero
350 2807 387 2864 ad
402 2805 459 2864 hoc
470 2805 569 2884 potius
583 2802 692 2864 attendi
707 2804 796 2862 velim
811 2804 891 2882 quod
903 2803 1008 2864 Suidas
1018 2848 1027 2876 ,
1038 2806 1173 2882 quamvis
1190 2825 1254 2866 eum
1273 2808 1449 2868 Aristodemi
1470 2810 1597 2888 epitome
1616 2809 1757 2871 historica
1775 2830 1867 2873 usum

263 2922 328 2964 csse
339 2922 355 2961 e
366 2900 569 2980 compluribus
581 2901 654 2961 locis
668 2899 804 2978 colligas,
817 2900 927 2959 nullam
943 2914 1037 2960 tamen
1049 2921 1075 2962 s.
1090 2923 1122 2961 ν.
1135 2901 1318 2982 Ἀριστόδημος
1336 2904 1399 2983 ejus
1413 2905 1547 2964 historici
1567 2909 1701 2965 notitiam
1717 2908 1865 2972 exhibuit.

264 3004 297 3063 ld
313 3022 402 3082 quum
419 3002 488 3080 jure
502 3000 637 3070 mireris,
649 3000 790 3078 quaeritur
800 3018 838 3059 au
857 2998 985 3078 epitome
997 2998 1064 3072 illa,
1082 3018 1168 3077 quam
1186 2999 1346 3060 Suidianus
1362 3002 1562 3062 Aristodemus
1576 3004 1730 3083 scripsisse
1743 3004 1867 3081 dicitur,

263 3120 321 3185 non
336 3099 425 3159 fuerit
437 3101 484 3169 τῆς
502 3095 614 3159 sathon
631 3094 810 3174 Ἡρωδιανοῦ,
825 3094 877 3157 sed
896 3098 943 3168 τῆς
958 3095 1070 3154 καθολου
1083 3094 1206 3174 ἱστορίας.
1222 3097 1265 3156 De
1280 3097 1458 3157 Aristodemi
1471 3097 1604 3176 Epitome
1624 3103 1669 3168 τῆς
1685 3099 1797 3158 καθόλου
1809 3120 1865 3161 seu

262 3198 402 3267 καθολικῆς
414 3196 564 3276 προσῳδίας
576 3194 739 3274 Ἡρωδιανοδ
753 3196 872 3255 aliunde
885 3217 944 3255 non
957 3207 1079 3255 cunstat.
1090 3194 1161 3264 Quae
1170 3206 1263 3252 exstat
1275 3192 1339 3270 ejus
1349 3193 1447 3272 operis
1455 3194 1583 3272 epitome
1595 3194 1649 3269 (ed.
1661 3197 1700 3253 Μ.
1717 3194 1863 3257 Schmidt.

263 3293 344 3352 lenae
361 3297 459 3373 1860),
478 3296 509 3353 in
529 3294 641 3373 optimo
657 3295 763 3375 ,codiee
776 3294 802 3351 Τ
805 3294 947 3353 heodosio
962 3291 1167 3369 grammatico,
1180 3291 1271 3367 vulgo
1291 3303 1385 3348 autem
1406 3288 1533 3352 Arcadio
1547 3290 1725 3361 attribuitur.
1735 3292 1866 3377 'Quodsi

261 3389 424 3468 Ἠρωδιανοῦ
434 3410 558 3464 nomen,
572 3409 632 3469 quo
641 3389 826 3452 notissimum
838 3390 1019 3466 grammatici
1032 3408 1107 3467 opus
1118 3387 1326 3464 introducitur,
1337 3408 1397 3446 non
1412 3386 1528 3446 aSuidu
1541 3389 1591 3447 sed
1602 3409 1619 3447 a
1633 3390 1724 3448 sciolo
1735 3391 1868 3467 quodam

261 3488 422 3565 profectum
437 3506 501 3549 esse
516 3488 712 3559 concesseris,
728 3486 906 3545 Aristodemi
923 3485 1049 3564 epitome
1062 3488 1109 3557 τῆς
1122 3482 1232 3544 καθολου
1246 3483 1310 3544 sive
1321 3488 1368 3555 τῆς
1379 3484 1518 3555 aetoliae<
1531 3482 1645 3563 ίστορίας
1659 3476 1759 3544 coderh
1774 3488 1869 3550 modo

261 3585 370 3642 dicitur
382 3604 441 3662 quo
453 3584 565 3644 llicolai
583 3581 755 3642 Damasceni
769 3595 797 3641 et
813 3583 934 3641 Diodori
948 3581 1040 3641 Siculi
1052 3602 1141 3662 opera
1155 3595 1290 3660 tanquam
1309 3578 1424 3664 ίστορίαι
1433 3579 1571 3640 καθολικαὶ
1584 3598 1867 3649 commemorantur.

261 3680 313 3739 Sin
336 3680 459 3740 ulterius
486 3679 624 3761 progredi
643 3678 834 3757 conjectando
855 3679 949 3752 velis,
972 3680 1097 3755 glossam
1119 3679 1218 3739 Suidae
1240 3681 1363 3738 fortasse
1387 3678 1540 3741 notissimo
1560 3678 1729 3739 lacunarum
1756 3701 1869 3757 genere

261 3777 391 3842 mutilam
413 3796 476 3837 esse
497 3790 526 3836 et
539 3776 618 3841 hunc
631 3776 661 3834 in
677 3776 796 3837 modum
809 3775 1005 3852 refingendam
1023 3776 1133 3835 dixeris
1148 3796 1155 3836 :
1170 3775 1355 3856 Ἀριστόδημος
1370 3776 1497 3856 incaeptis
1519 3781 1566 3850 τῆς
1586 3776 1698 3839 καθυλου
1717 3777 1866 3859 [ἱστορίας,

261 3871 406 3952 ἀρξάμενος
425 3872 479 3932 dnh
500 3876 547 3945 τῆς
567 3871 689 3951 καθόδου]
703 3870 900 3951 Ἡρακλειδῶν,
912 3870 1009 3954 ἔγραψε
1027 3871 1091 3952 πρὸς
1103 3871 1224 3946 Δαναόν,
1241 3872 1276 3933 ad
1291 3873 1456 3951 exemplum
1477 3874 1589 3934 scilicet
1611 3874 1737 3953 Ephori,
1758 3877 1814 3954 qtti
1828 3882 1869 3953 ,d

259 3973 360 4049 πρῶτος
369 3968 576 4047 ἕτιὸιδληρίνος
584 3967 617 4027 sd
632 3970 743 4029 καθολου
753 3971 861 4050 γροὶριιν
873 3968 988 4051 (Polyb.
999 3970 1029 4042 6,
1045 3970 1075 4043 5,
1090 3971 1149 4049 33),
1164 3991 1180 4029 a
1192 3970 1288 4030 reditu
1298 3970 1514 4032 lleraclidarum
1526 3971 1657 4031 historiae
1668 3992 1727 4032 suae
1736 3977 1871 4055 sumpsit

259 4066 378 4126 initium
392 4068 490 4142 (Diod.
509 4069 554 4141 16,
572 4069 620 4144 76.
637 4076 667 4139 4,
686 4065 723 4146 1).
1057 4144 1061 4151 Ι

300 4161 404 4239 igitur,
417 4175 449 4221 ut
463 4163 565 4240 paucis
578 4183 638 4222 rem
652 4162 894 4242 comprehendam
904 4206 913 4238 ,
924 4162 955 4222 in
969 4162 1024 4221 hac
1036 4162 1072 4222 de
1086 4182 1211 4243 persona
1224 4179 1253 4222 et
1265 4177 1346 4223 aetate
1360 4164 1535 4225 Aristodemi
1546 4164 1753 4242 disquisitione
1767 4187 1866 4246 quum

257 4260 433 4319 disertorum
449 4260 682 4329 testimoniorum
697 4261 835 4339 praesidio
847 4261 1038 4320 destituamur
1052 4273 1081 4320 et
1095 4261 1126 4319 in
1142 4259 1378 4340 conjecturarum
1397 4261 1605 4341 probabilitate
1617 4262 1717 4321 omnia
1730 4269 1867 4343 reposita

260 4357 333 4428 sint,
353 4356 486 4415 tenuiora
501 4356 633 4434 quadam
649 4356 760 4415 indicia
775 4359 885 4417 mutans
905 4358 936 4416 in
957 4376 1019 4415 eam
1039 4358 1210 4416 sententiam
1227 4357 1331 4417 adduci
1347 4361 1463 4437 possis,
1478 4372 1510 4419 ut
1524 4359 1739 4419 Aristodemum
1756 4367 1868 4443 suspi-

257 4453 332 4513 ceris
350 4451 466 4512 libanii
481 4466 656 4512 coaetaneum
674 4455 771 4514 medio
786 4455 884 4514 seculo
899 4467 1006 4532 quarto
1024 4454 1186 4514 Antiochiae
1204 4455 1318 4514 scholas
1332 4454 1470 4515 hahuisse
1491 4455 1592 4534 ibique
1607 4458 1638 4515 in
1653 4472 1737 4517 nsum
1762 4460 1867 4522 disci-

256 4552 392 4627 pulorum
411 4551 541 4609 historie
555 4551 759 4630 compendium
775 4553 876 4612 Danao
889 4552 1045 4612 Palaestino
1063 4551 1228 4612 dedicatum
1244 4551 1427 4631 elaborasse,
1442 4554 1685 4632 quemadmodum
1706 4555 1738 4614 in
1757 4560 1866 4619 eadem

259 4647 347 4725 Syria
363 4646 482 4706 ineunte
497 4649 595 4706 seculo
619 4661 702 4707 sexto
724 4648 852 4724 ἐπιτομὴν
866 4648 999 4727 ίστοριιιὴν
1014 4661 1064 4707 aut
1085 4669 1188 4708 novem
1212 4661 1261 4708 aut
1276 4650 1384 4725 uiginti
1401 4649 1487 4709 libris
1502 4652 1678 4729 conscripsit
1691 4651 1870 4717 Eustathius

258 4762 1866 4793 m

255 4815 331 4865 tradit
342 4815 436 4866 Livius.
449 4817 556 4880 Tempus
570 4815 703 4866 invasionis
715 4817 857 4867 arruntius
869 4817 985 4868 constitui
999 4818 1094 4880 nequit.
1104 4816 1161 4867 Vid.
1176 4819 1294 4880 Droysen.
1309 4818 1459 4869 llellcntsm.
1471 4821 1532 4869 tom.
1544 4825 1567 4881 2,
1577 4834 1603 4883 p.
1620 4825 1673 4871 277.
1689 4823 1753 4870 cum
1768 4837 1868 4876 narra-

255 4885 321 4937 tione
331 4887 363 4937 de
377 4888 489 4952 tterippm
501 4887 593 4937 scelere
605 4889 773 4952 componenda
784 4893 822 4938 est
831 4888 934 4941 historia
945 4889 977 4939 de
990 4888 1121 4939 tribueret
1134 4892 1229 4953 septem
1242 4887 1377 4951 virginibus
1389 4887 1506 4947 Milesiis,
1516 4902 1573 4951 quae
1584 4889 1610 4939 in
1624 4891 1726 4949 eadem,
1741 4896 1772 4943 ut
1792 4897 1868 4948 vide·

256 4957 305 5015 tur,
321 4956 445 5007 Gallorum
458 4955 585 5007 invasione
596 4956 689 5008 virtute
703 4971 748 5007 sua
763 4959 946 5020 inclaruerunt,
959 4973 1113 5023 quarumque
1124 4958 1211 5010 laudes
1223 4958 1312 5009 cecinit
1329 4962 1407 5022 Anyte
1417 4957 1556 5021 Mytilenae
1570 4961 1595 5010 tn
1613 4961 1711 5011 Antlrol.
1725 4966 1786 5027 vll,
1804 4970 1867 5027 Atta,

255 5024 429 5089 epigrammate
439 5030 470 5085 ιίς
481 5030 522 5084 τὰς
531 5034 591 5091 τρεῖς
599 5030 725 5092 σαρδίνους
736 5029 777 5086 τὰς
791 5028 906 5086 Μιλησίοις
916 5032 962 5080 ὑπὸ
971 5037 1020 5079 τῶν
1031 5032 1141 5080 Γαλατῶν
1154 5030 1298 5094 βιασδιίσσς.
1311 5030 1346 5081 Cf.
1361 5026 1525 5090 Hieronymus
1536 5029 1599 5080 Adr.
1609 5031 1706 5082 fotian.
1719 5036 1739 5091 l,
1751 5046 1778 5098 p.
1798 5041 1846 5087 tan
1859 5058 1866 5088 ι

259 5098 322 5154 Quis
340 5098 429 5147 volent
445 5097 550 5148 attentio
567 5100 707 5163 prutertre
735 5103 835 5163 septem
855 5100 972 5150 Milesius
991 5103 1104 5163 vtrptnes
1117 5114 1174 5165 σου
1200 5100 1338 5151 Gallorum
1356 5102 1455 5165 tmpetu
1474 5103 1564 5152 omnia
1585 5102 1721 5165 vastante,
1740 5117 1775 5155 rte
1797 5109 1870 5171 qutd

257 5162 377 5215 luderent
390 5165 425 5216 αδ
438 5166 555 5217 ltosttdus
572 5171 749 5229 srrrttnercnt,
765 5167 962 5231 turpitudinem
984 5173 1070 5220 morte
1084 5169 1222 5236 (metunt.
1245 5174 1354 5235 Utraque
1374 5172 1482 5222 narratio
1501 5170 1607 5235 lunatim
1628 5173 1721 5222 namuri
1737 5176 1871 5236 potentin

255 5235 376 5297 exemplis
388 5235 478 5298 qulbus
489 5236 673 5288 illustrarentur
684 5237 777 5301 scripta
788 5240 841 5303 τιρὶ
857 5245 938 5289 κακῶν
947 5240 988 5289 καὶ
999 5244 1046 5290 τῶν
1058 5240 1223 5303 ἀντικειμένων
1237 5240 1333 5306 ἀραιῶν,
1345 5240 1376 5291 (λο
1389 5240 1480 5306 quibus
1489 5255 1514 5292 v.
1525 5252 1547 5291 c.
1560 5240 1719 5292 Philodemus
1728 5242 1870 5300 ciceronts

258 5303 360 5368 equalis
370 5304 484 5369 quadam
498 5307 646 5371 composult.
1216 5322 1219 5327 ⁴
