3906 6034
309 442 348 500 78
719 431 920 494 CRITOBULI
945 430 1209 492 HISTORIARUM
1236 431 1308 491 LlB.
1339 432 1361 499 1,
1384 432 1489 490 uuar.

307 569 450 651 φοτίριοθεν
476 569 698 637 κατεσκευάζοντο
717 570 754 635 εἰς
766 565 897 646 χωνείας,
910 564 1078 647 ἰσχυρότατοι
1133 586 1193 644 ρουν
1215 562 1307 623 ἔπειτα
1327 562 1433 643 κεραίας
1456 561 1574 640 μεγάλας
1592 560 1675 631 ξύλων
1699 561 1767 641 αὐτῇ
1792 560 1904 620 κάτωθεν

307 660 395 736 μίντοι
408 658 454 721 καὶ
473 656 654 738 βτόαιότατοι,
669 656 702 717 τδι
717 657 764 732 μὲν
781 657 852 716 ἔνδον
866 653 893 723 ἐξ
906 656 988 725 ὀπτῆς
1000 653 1077 713 πλίν-
1131 650 1371 732 θποστρωννύοντες
1384 649 1430 710 καὶ
1444 652 1532 717 καλῶς
1545 648 1750 729 ἐφαρμόζοντες,
1765 647 1810 706 καὶ
1823 646 1904 716 λίθοις

306 752 351 807 θου
360 745 577 827 κατειργασμένοι
589 744 633 805 καί
648 746 734 816 πηλοῦ
744 743 831 810 καλῶς
845 741 1016 821 εἰργασμένου
1026 743 1074 801 καὶ
1131 741 1264 801 ἐπετίθουν
1279 736 1472 816 παμμεγέθεις,
1486 736 1639 816 βαρύνοντος
1658 735 1738 808 αύτιλν
1759 738 1806 795 καὶ
1821 761 1903 797 ιοατα·

304 834 437 906 πιοτάτου,
450 832 483 892 τθ
493 832 585 900 ἔξωθεν
594 830 621 890 δὲ
631 832 687 893 θλοι
700 829 792 889 διολων
803 829 883 896 λίθοις
894 831 1076 907 παμμεγέθεσι
1131 829 1298 909 σφαλίζυντες
1319 824 1417 885 άνωθίν
1437 826 1526 891 τεκαὶ
1541 826 1655 885 κάτωθεν
1674 823 1720 884 καί
1738 824 1845 885 ὄπισθεν
1863 827 1906 884 καί

304 922 350 981 καί
364 922 460 1001 τιτάνῳ
476 920 521 979 καλ
535 929 615 980 πᾶσιν
629 918 717 985 ἄλλοις
732 917 905 999 ῶχυρωμίνοι
920 918 984 997 πρὸς
1000 922 1077 977 τοῦτο
1130 916 1313 996 πανταχόθεν,
1327 914 1372 974 ἵνα
1384 913 1422 990 μὴ
1430 918 1465 993 τῇ
1481 915 1527 994 βία
1544 918 1591 985 τῆς
1599 913 1684 994 ῥύμης
1699 912 1745 972 καὶ
1755 917 1794 994 τῷ
1804 918 1906 995 σφοδρῷ

303 1008 456 1092 χρησίμοις.
499 1007 532 1089 (u)
554 1009 664 1071 Χαλκοῦ
676 1005 704 1067 δί
724 1007 770 1065 καὶ
789 1004 946 1085 κασσιτέρου
968 1004 1035 1063 πολύ
1050 1029 1076 1064 τι
1130 1010 1179 1078 τῆς
1197 1013 1279 1085 φορᾶς
1299 1007 1347 1075 τῆς
1366 1002 1462 1071 οἰκείας
1477 1001 1554 1081 ἕδρας
1576 1006 1796 1084 παρατραπεῖσα,
1819 1003 1907 1081 πόρρω

302 1102 396 1178 χρῆμα
411 1095 457 1157 καλ
470 1095 664 1162 πολυτάλαντος
678 1093 743 1164 ὁλκὴ
759 1092 1073 1173 ἰνεόίύλητοχωνείαις,
1131 1115 1177 1151 ποι
1189 1096 1234 1151 τοῦ
1246 1095 1346 1151 σκοποῦ
1359 1091 1439 1171 βάλῃ.
1482 1092 1516 1171 (ι)
1533 1081 1601 1153 Εἶτα
1615 1096 1667 1170 πῦρ
1679 1090 1809 1150 ἰπίόαλον
1825 1093 1906 1169 αὐτῇ,
1939 1092 1940 1125 ἶ

303 1184 418 1245 τάλαντά
430 1206 480 1245 που
496 1184 612 1259 μάλιστα
628 1183 704 1262 χίλια
717 1181 763 1240 καλ
777 1182 955 1256 πεντακόσια,
971 1181 1076 1249 ῶςίλί·
1129 1179 1172 1239 διθι
1190 1184 1237 1252 τῆς
1257 1175 1363 1240 ὄπισθεν
1385 1180 1512 1260 βραχείας
1525 1181 1671 1259 τρυμαλιᾶς
1684 1179 1833 1259 ἀνάψαντας
1855 1180 1902 1252 τὴν
1939 1172 1940 1235 Ῐ

302 1296 374 1352 γετο·
390 1274 434 1332 tut
456 1271 557 1339 τούτοις
577 1271 713 1350 ἀνθράκων
728 1294 758 1330 τε
777 1270 843 1329 πολύ
861 1293 888 1328 τι
911 1269 1008 1339 πλῆθος
1029 1269 1075 1327 καί
1130 1267 1309 1347 βοτάνην·καὶ
1318 1267 1575 1350 ταύτηςέξαφθτίσης
1586 1265 1804 1345 θᾶττονῆλόγος,
1813 1273 1904 1350 πρῶτα
1939 1274 1940 1281 ’

302 1365 408 1442 κορμῶν
440 1360 571 1421 tratum
605 1367 663 1426 ταῖς
695 1357 817 1439 χωνείαις
849 1356 958 1429 ἔξωθεν,
985 1356 1075 1435 ὥσπερ
1129 1355 1177 1432 μίν
1192 1357 1290 1433 ἐγίνετο
1313 1356 1451 1433 μυκηθμός
1473 1356 1582 1438 φοβερός
1595 1357 1641 1416 καὶ
1662 1356 1755 1424 κλόνος
1769 1362 1817 1429 τῆς
1838 1363 1903 1419 θαα-

304 1448 531 1530 ἰτιφιισδομημίνα
550 1446 649 1507 ιίνυιθίν
668 1469 697 1506 τε
714 1444 760 1504 καί
778 1444 894 1506 κάτωθεν
914 1443 960 1502 καί
974 1466 1074 1501 πεντα·
1128 1442 1250 1520 κειμίνης
1263 1448 1312 1522 γῆς
1324 1442 1370 1502 καί
1385 1449 1432 1515 τῆς
1451 1445 1541 1526 πόρρω
1561 1444 1607 1503 καί
1623 1445 1721 1524 βρόμος
1736 1437 1788 1512 υἷος
1807 1447 1904 1514 ούδείς,

301 1538 378 1617 χόθιν
393 1540 419 1604 t<
432 1538 510 1616 βάθος
523 1535 584 1604 τούς
594 1533 683 1602 ἰπνοθς
694 1533 922 1612 ξυγκαλύιττοντα,
938 1533 999 1593 ἄνευ
1012 1530 1075 1608 μίν·
1128 1531 1221 1591 ἔπειτα
1236 1531 1303 1608 μετὰ
1319 1535 1429 1611 βροντῆς
1449 1532 1565 1602 ἐξουσίας
1577 1533 1623 1592 καὶ
1644 1532 1742 1593 δούπου
1759 1533 1905 1613 φρικώδους

301 1648 383 1703 τοιγε
401 1628 455 1684 τῶν
468 1622 596 1701 στομίων.
638 1622 673 1701 (7]
686 1624 845 1700 Φυσητῆρες
859 1619 887 1680 δί
907 1620 968 1697 περὶ
982 1618 1075 1685 αὐτούς
1128 1619 1315 1699 καὶπυρὸςτά
1333 1619 1409 1699 πίριξ
1422 1622 1510 1682 πάντα
1533 1620 1723 1701 ίυμφλάγοντος
1741 1622 1788 1682 καί
1807 1625 1906 1697 μελαί·

300 1712 494 1788 ἰιτιτεταμίνως
514 1713 648 1793 φυσῶντες
667 1708 713 1767 καὶ
735 1708 885 1774 άθισκόπως
903 1704 950 1777 τὴν
974 1707 1072 1764 ἐπικει-
1127 1732 1214 1776 νοντος
1232 1707 1333 1769 ίνδοθεν
1353 1710 1491 1788 ιὐθουμίνη
1509 1715 1527 1781 ἡ
1542 1710 1678 1776 πάσσαλος
1690 1709 1824 1787 πνεύματι
1837 1709 1909 1790 ξηρῷ

303 1800 385 1876 μίνην
406 1799 470 1872 ῦλην
485 1798 638 1867 ἰίάιετονττς
657 1798 684 1855 ἐν
704 1795 790 1877 τρισὶν
805 1794 879 1861 ὅλαις
898 1794 1007 1873 ἡμίραις
1029 1796 1075 1854 καὶ
1127 1797 1174 1856 καὶ
1187 1801 1275 1877 θερμῷ
1292 1796 1384 1875 βιαίως
1396 1797 1527 1857 ίαίνειτδν
1541 1795 1613 1857 λίθον
1628 1796 1797 1877 ἐξερχομίνη·
1845 1797 1907 1878 (ult
1939 1800 1940 1825 ³

302 1887 373 1957 ννίίν
385 1887 474 1960 ἰσαις,
489 1886 538 1954 ἕως
550 1890 565 1945 ό
575 1884 675 1965 χαλκθς
687 1884 747 1953 θλος
759 1884 845 1943 διολου
854 1883 943 1951 τσκεὶς
956 1883 1002 1944 καὶ
1017 1886 1076 1943 δια·
1128 1884 1156 1943 δὲ
1165 1885 1304 1965 φερόμενος
1314 1884 1382 1963 μετά
1393 1885 1452 1966 βίας
1463 1885 1640 1966 σφοδροτάτης
1651 1887 1697 1944 καὶ
1712 1884 1799 1966 βύμης
1810 1886 1910 1967 προσί-

299 1975 385 2043 λυθείς
405 1974 540 2054 ύδαριύδης
556 1976 601 2033 καλ
626 1973 700 2054 βυτθς
713 1971 833 2050 γίνηται.
853 1961 922 2032 Εἰτα
942 1974 995 2030 τῶν
1014 1995 1074 2031 στυ-
1127 1995 1207 2032 πιπτε
1222 1976 1261 2054 τῷ
1272 1974 1368 2054 τείχει,
1381 1976 1427 2034 καὶ
1436 1974 1510 2042 εύθθς
1522 1973 1643 2033 κατίσειί
1651 1997 1682 2033 τε
1692 1973 1757 2033 αὐτὸ
1771 1975 1819 2033 καί
1833 1974 1910 2035 κατέ·

301 2064 369 2138 μίων
386 2061 553 2141 ἀνοιγέντων,
568 2062 686 2139 άσεχεῖτο
700 2057 822 2141 ύχαλκθς
832 2059 876 2119 δεδι
887 2062 938 2117 τῶν
949 2057 1074 2129 σωλήνων
1127 2060 1193 2120 ὅαλε
1207 2061 1253 2119 καί
1274 2063 1300 2127 ἐς
1321 2060 1408 2121 πολλὰ
1427 2062 1596 2143 παρερρήγνυ
1616 2061 1663 2120 καί
1677 2062 1818 2137 δνιλίκμα,
1842 2087 1911 2123 παν-
1939 2074 1940 2079 ’

301 2152 328 2211 ίν
344 2154 400 2219 τοῖς
419 2150 529 2233 τύποις,
545 2150 594 2218 ἕως
607 2152 718 2229 γεμισθῇ
737 2148 842 2215 τελείως
857 2151 927 2207 άπαν
948 2146 978 2207 τὸ
995 2147 1075 2205 ἒσδε-
1126 2154 1209 2226 ταχοῦ
1218 2171 1247 2206 τε
1255 2148 1639 2228 διασκεδάζωναύτύικαὶφόνον
1646 2153 1908 2231 τῶνπροστυχόντων

299 2238 427 2320 χύμενον,
438 2239 483 2299 καί
498 2239 604 2319 καλύψῃ
620 2236 719 2297 καὶτὸν
733 2236 803 2305 ἰντδς
818 2235 899 2296 τύπον
913 2233 974 2295 όλον
988 2234 1075 2294 διόλου
1128 2237 1224 2294 ποιῶν·
1239 2235 1286 2294 καλ
1298 2236 1361 2295 ποτὲ
1376 2236 1423 2315 μὲν
1439 2237 1610 2317 κατερρίπτει
1625 2238 1702 2317 μίρος
1715 2238 1792 2313 όλον,
1803 2238 1911 2300 nortui

299 2327 345 2385 καί
363 2325 515 2405 ύπεράλύση
525 2326 619 2385 τούτου
634 2330 724 2404 πῆχυν
737 2324 785 2384 ἕνα
802 2323 871 2383 κατὰ
891 2324 922 2381 τὸ
936 2321 1001 2382 άνω.
1020 2322 1074 2382 Καὶ
1127 2321 1335 2399 ῆμεσυ,ποτὲδύ
1347 2323 1573 2396 πλίονῆίλαττον
1584 2325 1714 2405 πύργουῆ
1729 2329 1911 2408 μεταπυργίου
1939 2378 1940 2381 ,

298 2414 442 2488 ούτωςῆδη
458 2412 761 2495 άπάρτιστοημηχανή.
804 2413 837 2490 (ε)
853 2411 929 2472 Μετὰ
940 2414 1017 2469 τοῦτο
1030 2411 1074 2485 δὲ,
1126 2408 1204 2481 ἢκσλ
1217 2410 1366 2486 ίττάλξεως,
1383 2412 1429 2471 καί
1442 2406 1517 2472 ὀν’νθθν
1530 2407 1563 2487 ῆν
1579 2413 1661 2480 ούτως
1674 2415 1786 2494 ἰσχυρόν
1803 2414 1821 2487 ἢ
1838 2417 1910 2477 άντί·
1939 2410 1940 2415 ’

300 2503 474 2572 άποζίσαντος
489 2509 535 2562 τοῦ
554 2504 658 2583 χαλκοῦ
673 2500 718 2560 καὶ
732 2502 834 2582 ψυχροῦ
850 2498 998 2577 γεγονότος,
1009 2500 1073 2557 ἔκα-
1128 2498 1242 2571 τυπονῆ
1259 2499 1345 2579 πάχος
1367 2500 1541 2579 ἐρυμνότατον
1563 2503 1680 2580 τείχους,
1703 2506 1738 2569 ῶς
1759 2505 1912 2577 ἀπαντῆσαι

298 2590 402 2671 θαίρετο
415 2596 467 2651 τῶν
484 2592 554 2657 ἰντός
562 2590 652 2650 τύπων
668 2588 714 2648 καί
727 2593 779 2647 τῶν
792 2588 885 2658 ἰκτθς,
901 2586 947 2646 καί
961 2586 1073 2663 ξυομένη
1127 2590 1189 2662 γοῦν
1214 2588 1355 2659 δυνηθῆναι
1378 2588 1394 2660 ἢ
1419 2590 1551 2669 ἀντισχεῖν
1574 2592 1642 2657 ὅλως
1662 2594 1695 2669 τῆ
1721 2590 1841 2670 τοσαύτη
1863 2597 1910 2651 τοῦ

299 2679 345 2747 καί
366 2678 516 2761 γλυφομίνη
537 2678 692 2758 Ευστῆρσεν,
707 2676 890 2757 ἰλαμπρύνετο
908 2678 958 2741 όλη
974 2673 1071 2736 διόλου.
1128 2672 1200 2733 λίθου
1213 2674 1259 2757 βίφ
1270 2699 1299 2735 τε
1313 2678 1446 2757 καίφορᾷ.
1488 2677 1523 2757 (ο)
1539 2676 1634 2745 Ούτως
1646 2678 1756 2737 άπιστύν
1769 2702 1796 2738 τι
1814 2684 1912 2761 χρῆμα

299 2765 355 2828 Καὶ
369 2768 478 2841 τοιαύτη
499 2767 547 2844 μίν
561 2772 578 2839 ἡ
593 2764 744 2837 κατασκευὴ
763 2766 809 2826 καί
824 2765 856 2825 τδ
877 2753 942 2831 εἶδος
956 2766 1003 2833 τῆς
1018 2786 1072 2838 μη·
1127 2762 1173 2820 καί
1186 2764 1335 2843 παράλογον
1349 2764 1379 2823 τὸ
1400 2757 1466 2832 εἰδος
1481 2770 1558 2824 τοῦτο
1573 2770 1621 2837 τῆς
1639 2769 1780 2847 μηχανῆς,
1799 2767 1910 2849 όπεροῖ

297 2860 394 2936 χανῆς·
407 2854 473 2924 λίξω
490 2855 517 2915 δί
527 2855 573 2916 καί
583 2855 632 2926 τὴν
648 2855 792 2936 ἰνίργειαν.
1128 2851 1237 2909 παλαιοὶ
1250 2853 1297 2928 μίν
1310 2855 1428 2931 βασιλεῖς
1439 2875 1467 2911 τε
1482 2852 1528 2912 καὶ
1539 2854 1680 2934 στρατημί
1692 2852 1752 2913 οὔτε
1764 2844 1839 2934 εἰχον
1850 2854 1909 2916 οὔτε

340 2946 431 3007 XXX.
445 2943 623 3015 Ἐνεόίόλητο
636 2947 739 3023 πρῶτον
756 2940 939 3019 ἡκαλουμίνη
954 2938 1071 3020 βοτάνη,
1128 2938 1282 3014 ἐγίνωσκον·
1297 2943 1319 3000 εἰ
1333 2939 1384 3019 γάρ
1399 2931 1483 3021 εἰχον,
1501 2940 1573 3000 ούδθν
1595 2940 1626 3000 δν
1641 2932 1712 3021 εἰχον
1726 2943 1819 3012 αύτοῖς
1834 2947 1910 3004 ἀντι·
1939 2982 1940 2995 ι

297 3033 438 3112 πληροῦσα
451 3035 565 3113 ἰσχυρῶς
580 3032 628 3104 τῆν
640 3032 747 3091 ὄπισθεν
764 3030 828 3101 όλην
843 3028 1016 3110 χωνείανκαὶ
1029 3029 1072 3085 τον
1128 3029 1218 3100 όαῖνον
1232 3029 1271 3088 ἔτι
1285 3030 1344 3089 οὐδὲ
1361 3029 1568 3110 προσιστάμενον
1587 3030 1653 3098 όλοις
1672 3034 1699 3090 ἐν
1718 3041 1778 3101 ταῖς
1799 3038 1913 3115 πολιορ-
1939 3048 1940 3053 ’

298 3121 376 3179 αύλόν
387 3125 435 3191 τῆς
450 3124 573 3200 μηχανῆς
587 3121 636 3187 ίως
649 3125 695 3180 τοῦ
708 3117 816 3196 στομίου
826 3124 871 3176 τοῦ
885 3115 1006 3193 δευτίρου
1024 3118 1072 3174 αύ-
1127 3116 1207 3193 κίαις,
1221 3117 1279 3178 ὠδί
1291 3121 1396 3177 πολλῶν
1407 3117 1439 3177 θν
1454 3118 1555 3179 ίδίοντο
1569 3121 1595 3188 ἔς
1612 3119 1642 3178 τδ
1656 3129 1817 3180 κατασεῐσαι
1833 3123 1913 3203 τείχη

297 3207 343 3265 λοῦ
360 3210 406 3265 τοῦ
424 3206 561 3281 δεξομίνυυ
571 3207 615 3265 τδν
627 3207 710 3267 λίθον.
728 3206 764 3284 (ε)
780 3205 898 3266 Ἔπειτα
911 3207 949 3283 τῷ
959 3206 1073 3280 στόματι
1126 3228 1154 3263 τε
1167 3206 1213 3265 καί
1224 3206 1384 3268 καταῦαλεῖν
1399 3215 1444 3267 καί
1457 3209 1491 3266 τύι
1505 3208 1680 3289 ἐρυμνότατα,
1692 3209 1751 3269 ούδί
1766 3211 1915 3291 πράγματ’
1939 3228 1940 3231 ’

299 3289 384 3371 τούτῳ
391 3293 526 3359 πάσσαλος
535 3293 691 3366 ἰνεόίόλητο
699 3292 810 3371 μεγίστη
820 3291 897 3360 ξύλου
908 3297 953 3351 τοῦ
967 3296 1074 3369 ἰσχυρο-
1127 3291 1159 3352 διν
1175 3285 1246 3375 εἰχον
1262 3296 1461 3374 ἐπιτειχίζοντες
1481 3296 1528 3356 καί
1541 3297 1712 3378 ταφρεύοντες
1726 3296 1773 3355 καί
1787 3299 1915 3377 χώματα

299 3378 396 3451 τάτου,
413 3379 431 3451 ἣ
447 3381 561 3460 σιδηροῖς
576 3383 685 3461 μοχλοῖς
700 3380 850 3457 τυπτομένη
864 3380 955 3460 βιαίως
969 3380 1071 3452 ὠθεῖτο,
1128 3380 1244 3459 αἴροντες
1265 3381 1311 3442 καί
1330 3383 1519 3463 ὑπορύσσοντες
1542 3384 1614 3444 ἔστιν
1635 3377 1666 3447 ού
1680 3385 1727 3445 καί
1745 3384 1819 3446 ἄλλα
1845 3390 1915 3449 ἄττα

299 3467 532 3550 στενοχωρουμίνη
545 3468 588 3528 tut
600 3471 634 3529 τά
649 3469 739 3543 ἔνδον,
756 3469 929 3528 άποκλείουσα
943 3469 987 3526 καὶ
1002 3466 1074 3536 ξυνί-
1093 3545 1097 3553 Ι
1127 3472 1261 3537 ποιοῦντες
1276 3470 1344 3530 ὥστε
1364 3472 1587 3552 παραστήσασθαι
1608 3474 1698 3539 πολεις
1712 3473 1759 3532 καὶ
1772 3477 1916 3556 χειρώσα-

296 3581 382 3641 χουσα
396 3558 444 3630 την
460 3556 572 3637 βοτάνην
588 3556 657 3617 οῦτω
669 3579 710 3618 τοι
725 3556 853 3636 ἰσχυρῶς,
873 3558 908 3623 ὡς
923 3557 985 3632 μηδ’
998 3553 1030 3613 ἂν
1046 3554 1094 3613 εἷ’
1128 3563 1189 3617 σθαι
1203 3559 1412 3639 φρούρια,άλλθ
1428 3560 1507 3620 πάντ’
1521 3561 1553 3621 διν
1576 3555 1644 3622 εἰκεν
1668 3564 1757 3629 αῦτοῖς
1778 3567 1917 3637 θᾶττονῆ

296 3670 322 3706 τι
338 3648 384 3707 καλ
404 3649 522 3727 γίνοιτο,
545 3648 686 3718 δυνηθῆναι
706 3643 805 3716 ταύτην
828 3643 901 3725 άλλῳ
920 3667 958 3724 τῳ
982 3644 1072 3723 τρόπῳ
1126 3645 1202 3725 λόγος
1223 3645 1269 3706 καὶ
1286 3647 1450 3727 προσεχώρει
1470 3649 1664 3727 κατασιιόμενοί
1678 3649 1768 3710 τεκαὶ
1782 3675 1916 3737 καταρρι·

296 3736 392 3796 ἰκεῖθεν
407 3737 586 3814 ἰξαιρτθῆναι,
609 3732 647 3805 μὴ
674 3738 720 3805 τῆς
736 3730 847 3812 βοτάνης
860 3729 1017 3812 ἀναφθείσης
1039 3735 1073 3809 τῇ
1127 3733 1260 3811 πτούμενα
1275 3743 1334 3802 ταῖς
1354 3742 1500 3815 μηχαναῖς·
1516 3737 1576 3795 ἀλλ’
1594 3739 1641 3796 οὐκ
1660 3727 1704 3808 ῆν.
1747 3738 1782 3815 (7)
1798 3739 1916 3821 Βῦρεμα

297 3823 351 3905 βίᾳ,
367 3814 490 3886 Εἰεατθν
507 3822 577 3882 λίθον
590 3821 730 3903 ἐπεφόρουν
744 3822 870 3887 ὠθοῦντες
883 3821 969 3895 ἐντὸς,
983 3819 1069 3887 ίωςὲν
1128 3822 1155 3880 δὲ
1176 3827 1254 3883 τοῦτο
1277 3820 1334 3882 νίον
1358 3823 1414 3882 ἐστὶ
1439 3827 1584 3902 Γερμανῶν
1610 3826 1737 3895 Κελτῶν,
1765 3828 1837 3887 ἐτῶν
1862 3852 1918 3889 που

296 3916 354 3993 χρῶ
364 3913 471 3991 γίνηται
485 3916 520 3993 τῇ
532 3909 674 3991 πασσάλῳ,
684 3907 729 3967 καὶ
742 3906 907 3988 ξυνίσφιγγον
921 3914 1012 3968 τοῦτον
1026 3908 1073 3968 κύ·
1129 3912 1245 3988 μάλιστα
1264 3912 1428 3984 πεντήκοντα
1445 3912 1492 3973 καὶ
1511 3911 1636 3985 ἑκατθνῆ
1656 3913 1703 3972 καὶ
1717 3914 1803 3996 ὀλίγῳ
1817 3919 1916 3977 πλειό.

296 4001 405 4069 κλωθεν.
447 3999 484 4079 (ι)
499 3997 575 4060 Μετὰ
589 3998 617 4056 δί
638 4002 715 4057 τοῦτο
728 3995 871 4076 τρίψαντες
886 3995 935 4067 τῆν
950 3994 1073 4075 μηχανὴν
1128 4023 1194 4076 νων,
1215 3999 1366 4080 σοφώτατον
1388 3999 1459 4060 πάνυ
1480 4000 1527 4061 καί
1543 4001 1779 4083 περινενοημίνον·
1794 4006 1845 4065 καὶ
1862 4010 1918 4086 μά-

296 4086 360 4165 πρδς
370 4086 384 4145 θ
396 4088 483 4146 παίειν
495 4084 599 4163 ἔμελλε,
610 4085 653 4144 καὶ
667 4086 865 4162 σταθμήσαντες
878 4084 958 4158 αὐτὴν
971 4084 1074 4161 μίτραις
1127 4087 1205 4145 λιστα
1218 4088 1250 4159 δὴ
1264 4093 1282 4160 ἡ
1299 4092 1346 4158 τῆς
1361 4088 1475 4168 βοτάνης
1491 4088 1611 4165 ξυμῦολή
1627 4113 1657 4149 τε
1671 4089 1718 4149 καὶ
1733 4097 1872 4155 σκευασία
1892 4096 1917 4163 ἐξ

297 4176 348 4235 τισὶ
360 4184 486 4255 τεχνικοῖς
499 4174 702 4252 καίάναλογίαις
712 4175 828 4252 πρὸςτὸν
845 4174 957 4248 σκοπὸν,
968 4174 1067 4255 ίπεφύ-
1129 4176 1204 4233 εἰδῶν
1221 4174 1376 4255 ξυγκειμίνη
1396 4180 1564 4257 θερμοτάτων
1576 4179 1621 4237 καὶ
1642 4179 1807 4259 ξηροτάτων,
1824 4183 1917 4265 νίτρου

325 4412 374 4476 §u
392 4412 535 4475 Ἆνθράνων]
550 4412 685 4477 ναρθαύνων
694 4425 787 4473 margo.
800 4412 838 4460 ct.
853 4411 909 4475 ³0§
922 4414 948 4463 7.
964 4411 975 4474 11
986 4440 1018 4455 -
1031 4412 1114 4468 ῖξωθεν
1124 4411 1134 4475 ]
1143 4426 1218 4476 συρτει
1228 4426 1329 4473 uersum
1337 4415 1446 4467 additur.

325 4485 398 4535 XXX.
420 4482 435 4546 §
450 4488 471 4532 1.
485 4482 637 4545 ἰνεθῖόλητυ]
649 4484 761 4541 ἰθίύλητο
777 4480 999 4547 uod.h.1.et§2.
1015 4483 1026 4547 ΙΙ
1039 4482 1097 4545 -§
1110 4486 1136 4533 2.
1148 4484 1290 4547 Πάσσσλος]
1303 4485 1408 4543 πάσαλος
1417 4486 1494 4538 υσθυε
1506 4488 1532 4537 h.
1548 4489 1565 4540 1.
1579 4488 1729 4541 σίεἰιυύίἰίθι·
1751 4494 1767 4558 §
1783 4500 1802 4547 3
1819 4502 1849 4551 ot
1867 4504 1919 4559 tu

293 4556 416 4609 πάσσαλυτ
432 4567 478 4618 pm
493 4557 508 4605 ό
521 4572 597 4605 πασσ.
609 4554 753 4605 reuuutioris
765 4554 815 4604 εστὶ
829 4566 878 4603 utu
891 4553 941 4604 uici
952 4554 1061 4605 videtur.
1080 4554 1090 4618 ΙΙ
1105 4584 1132 4592 -
1142 4545 1310 4619 συνέσοιγγονλ
1321 4558 1475 4621 σννὲσφιγκον
1483 4573 1550 4610 ιιειιιι.
1569 4566 1597 4621 1;
1613 4574 1661 4611 em.
1672 4575 1740 4614 mnu.
1756 4570 1780 4615 2.

324 4627 373 4690 §u
384 4625 520 4689 Ὶὶχιικοῖς]
529 4625 599 4675 addit
606 4639 700 4688 margo.
712 4626 722 4687 ΙΙ
736 4653 767 4663 -
779 4624 883 4675 κάτωθεν
897 4626 1112 4690 θιωστρωννύοντες
1128 4631 1169 4677 καὶ
1182 4626 1239 4676 εθθ.
1256 4641 1350 4690 margo.

324 4696 378 4761 §t
388 4695 532 4759 Μυκηθμθς]
547 4696 662 4760 μηκιθμθς
676 4696 731 4745 oud.

325 4768 341 4831 §
352 4774 377 4817 θ.
388 4768 482 4831 Ὀλως]
494 4780 570 4831 supra
581 4781 682 4818 rursum
697 4766 820 4818 additum.

324 4838 397 4901 §mr
407 4836 509 4901 λαλιῶν]
516 4839 557 4887 καὶ
568 4840 596 4887 Κ,
608 4836 654 4888 συθ
668 4837 786 4895 Ιῐ-Ὲτῶν
797 4836 845 4900 ρι’]
855 4836 997 4887 Critobulus
1008 4837 1098 4887 furuum
1105 4841 1207 4888 secutus
1217 4851 1272 4888 urse
1279 4839 1386 4901 ridetur,
1396 4853 1447 4903 τηατ
1459 4839 1607 4891 Βεεῑίιοθθιιο
1613 4841 1729 4893 surum
1736 4845 1921 4916 θ’τῖοωμςῑς

294 4908 429 4959 εαυαεοίιαο
439 4908 538 4958 iuuuutu
548 4908 633 4957 securo
650 4910 707 4957 xlv
717 4907 845 4971 pulverem
854 4906 1040 4958 tormentarium
1057 4906 1179 4958 invenisse
1189 4907 1340 4970 perhibetur.
1358 4909 1404 4959 vul
1413 4910 1497 4960 οσοιιίο
1511 4909 1642 4961 undecimo
1656 4915 1733 4965 uotur
1742 4921 1803 4969 urat
1818 4922 1921 4986 nisu.

685 5083 693 5106 ε
1554 5064 1580 5096 ν’
1901 5067 1921 5102 ’-

294 5131 358 5176 νετο,
373 5120 413 5165 καί
426 5118 486 5174 τίνες
499 5117 628 5181 ἀνθρώπων
639 5118 664 5174 tu
677 5118 720 5174 την
728 5120 772 5165 τοῦ
780 5064 1031 5179 τηλιθύλουμάιάίκοντο
1046 5122 1128 5180 πεῖραν
1137 5152 1146 5177 ,
1156 5118 1202 5166 ούκ
1214 5116 1264 5181 ἔχω
1272 5067 1421 5179 ςδιασημῆναι
1436 5121 1561 5183 ἀσφαλῶς·
1575 5060 1920 5199 οίονταιμμὲπύταᾞνγῗξ

295 5190 374 5245 μανῶν
385 5189 491 5246 γενέσθαι
501 5203 527 5236 τε
546 5188 658 5248 τούτους,
671 5187 712 5235 καὶ
724 5186 816 5242 τούτοις
835 5188 873 5236 ἐπὶ
886 5192 940 5235 νοῦν
952 5187 1048 5250 ἀφῖχθαι
1057 5188 1144 5247 ταύτην
1157 5189 1200 5246 την
1214 5191 1331 5253 μηχανήν.
1353 5189 1363 5253 ΙΙ
1382 5219 1414 5232 -
1423 5189 1560 5255 σκευασία]
1575 5197 1716 5255 κατασκευή
1732 5210 1837 5261 margo,
1855 5206 1868 5265 β
1888 5232 1924 5244 .-

293 5260 336 5306 τοῦ
347 5256 427 5320 λίθου]
443 5257 500 5308 rud.
517 5271 582 5321 rugo.
606 5257 617 5323 ΙΙ
631 5287 662 5300 -
673 5257 796 5322 ἰλίτολιν]
809 5258 849 5307 Sic
860 5257 1001 5307 uomurruu
1010 5258 1102 5323 οωρῖιιε
1119 5261 1237 5310 νοσεοθιιτ
1249 5260 1315 5325 apud
1326 5261 1471 5313 purarum
1483 5275 1532 5314 νεα
1549 5261 1621 5313 euru.
1631 5268 1749 5329 nusum,
1763 5270 1812 5321 sud
1831 5277 1923 5329 mx
