3842 6036
12 194 14 229 Ι

12 268 14 367 ί

12 378 14 517 i

12 520 14 621 i

394 468 640 533 MEGHEMETIS
661 469 791 530 ANNUS
812 469 887 530 XIII.
910 471 985 531 6971
1012 470 1203 546 (Mei-1463
1223 472 1257 531 P.
1281 470 1338 551 (1.).

12 632 13 667 1
59 605 138 669 αύτσίς
161 602 348 683 δοκιμώτατον
363 604 407 663 καί
425 608 477 663 τῶν
500 607 652 681 ὀνομαστῶν
674 602 718 663 ἐπ’
732 601 824 683 ἀνδρίφ

58 691 101 749 καί
120 697 289 772 στρατηγικῇ
314 695 393 773 ἀρετῇ
412 691 481 749 κατδι
502 697 551 768 γῆν
570 714 598 749 τε
616 691 661 750 καί
677 690 828 765 θάλασσαν,

59 780 217 857 ἐκπίμπουσι
242 779 289 838 τόν
305 780 410 840 στόλον.
436 779 469 859 (ι)
512 777 635 859 Ἄραντες
656 769 699 839 οῦν
725 781 755 837 ίκ
781 783 829 850 τῆς

12 874 14 933 ἰ
58 872 136 929 αίτῶν
150 869 263 946 δυνάμει
277 893 307 929 τε
318 871 404 946 πολλῇ
422 867 467 927 καλ
480 872 679 948 παρασκευῇτῇ
694 868 768 948 πάσῃ
782 866 827 925 καί

12 978 14 1013 ῑ
57 962 188 1039 περιφανεῖ
203 967 318 1037 στρατιᾷ
332 958 377 1015 καί
391 958 529 1036 λαμπραῖς
544 957 664 1036 ἐλπίσιν,
679 959 772 1016 ἔπλεον
783 957 827 1016 τὸν

12 1088 13 1135 3
56 1047 154 1127 Ἀδρίαν
176 1071 206 1106 τε
234 1047 281 1105 καὶ
305 1046 414 1117 Ἰόνιον,
436 1044 671 1124 παραπλεύσαντες
695 1045 723 1104 δὲ
753 1043 826 1124 Κίρ·

56 1136 135 1215 κυράν
178 1158 205 1193 τε
238 1133 286 1193 καὶ
320 1134 447 1194 Λειθιάδα
482 1133 526 1193 διὰ
562 1136 614 1192 τῶν
656 1134 826 1209 ἐπικειμένων

58 1221 142 1293 νότων
158 1223 258 1296 Ἰθάκης
271 1245 302 1280 τε
316 1223 364 1281 καὶ
382 1220 585 1303 Κεφαλληνίας,
606 1220 780 1301 προσίσχουσι
793 1227 826 1302 τῇ

59 1308 152 1373 Ἤλιδι
173 1313 237 1389 ἄκρα
256 1315 305 1383 τῆς
326 1309 546 1387 Πελοποννήσου,
568 1312 688 1369 κάκεῖθεν
713 1311 827 1389 γίνονται

59 1400 128 1459 κατα
152 1401 181 1459 τθ
199 1400 270 1462 Ῥίον
301 1400 331 1458 τὸ
354 1399 491 1480 Ἀχαϊκὸν,
516 1398 562 1457 καί
593 1397 761 1465 διαόαλόντες
782 1398 827 1458 τθν

12 1512 13 1533 ι
61 1492 184 1567 Κρισαῖον
197 1489 351 1568 καταίρουσι
370 1490 395 1555 ἐς
408 1489 456 1562 τὴν
472 1488 610 1567 Κορινθίαν
626 1490 651 1546 ἐν
664 1489 702 1568 τῷ
712 1486 827 1566 Ἰσθμῷ,

58 1580 99 1636 καί
120 1576 262 1645 ἐπσόάντες
286 1581 339 1636 τῶν
365 1581 430 1637 νεῶν
457 1576 706 1657 στρατοπεδεύονται
734 1579 825 1635 αὐτοῦ·

59 1671 140 1725 τοῦτον
161 1666 212 1746 γάρ
230 1666 366 1727 ἐῦούλοντο
389 1668 493 1746 πρῶτον
518 1665 634 1746 τειχίσαι
658 1663 703 1723 καί
723 1687 826 1743 προκα-

12 1812 13 1821 ,
58 1753 190 1828 τιλαόεῑν,
206 1755 299 1815 ἔπειτα
312 1779 346 1835 τη
367 1754 417 1834 όλη
432 1752 627 1833 Πελοποννήσῳ
642 1757 822 1833 ἐπιχειρῆσαι.

61 1846 90 1920 (ι)
111 1842 324 1926 Ἔκφορνίσαντες
352 1834 396 1903 οῦν
428 1853 518 1902 πᾶσαν
552 1841 701 1914 ἀποσκευήν
730 1864 759 1899 τε
782 1840 828 1900 καί

12 1982 13 1985 ,
58 1931 142 2011 χρείαν
154 1931 203 1991 καί
217 1930 385 1998 διαλαθόντες
395 1931 439 1991 τδν
450 1930 543 2007 ίσθμθν
559 1930 605 1990 ἀπ’
613 1930 694 2010 ἄκρου
710 1933 736 1997 ἐς
748 1930 827 2009 άκρον

59 2021 169 2102 πάσητῇ
183 2028 306 2101 στρατιᾷ,
317 2020 442 2099 ἐτείχιζον
457 2018 527 2099 χειρί
540 2021 626 2096 πολλῇ
640 2017 685 2076 καλ
701 2016 823 2095 δυνάμει,

60 2107 94 2165 ίτι
108 2107 134 2167 δέ
148 2111 194 2168 καί
208 2109 311 2189 σπουδῇ
323 2110 370 2168 καί
382 2106 515 2187 προθυμίᾳ
534 2111 568 2186 τῇ
580 2107 656 2187 πάσῃ
676 2105 824 2186 χρώμενοι.

61 2193 217 2268 'himen
229 2195 257 2255 δὲ
269 2198 329 2258 τότε
343 2194 416 2263 eiii<
427 2195 473 2254 καί
488 2217 546 2253 τινα
561 2198 613 2253 τῶν
630 2195 759 2275 φρουρίων
781 2194 826 2251 καὶ

61 2286 223 2362 πολισμάτων
245 2291 293 2344 τοῦ
312 2283 442 2366 βασιλέως
466 2284 493 2342 ἔν
519 2306 547 2342 τε
571 2288 604 2363 τῇ
629 2283 754 2362 μεσογείᾳ
781 2282 827 2341 καὶ

61 2375 181 2454 παραλίᾳ,
199 2375 245 2433 καὶ
259 2374 416 2454 προσέθεντο
429 2375 532 2448 αὑτοῖς,
547 2373 574 2430 ἐν
588 2362 625 2440 οἷς
644 2370 689 2431 καλ
705 2370 828 2450 φρουρούς

63 2462 262 2537 ίματίστησαν·
279 2467 309 2522 σθ
327 2464 404 2540 μόνον
426 2459 468 2533 δέ,
493 2459 562 2521 diii
577 2459 622 2519 καλ
636 2464 653 2523 θ
669 2460 736 2531 άλλη
753 2468 827 2518 πᾶσα

64 2551 251 2624 Πελοπόννησος
265 2552 394 2630 μτέωρος
408 2544 460 2625 ἦν,
474 2553 664 2610 ἀποσκοποῦσα
674 2548 705 2607 τδ
718 2546 826 2624 μάλλον,

66 2637 126 2699 ύττε
138 2641 180 2699 καί
197 2639 265 2710 αὐτὴ
281 2641 431 2708 ἀποστῆναι
445 2641 491 2695 τοῦ
507 2636 646 2717 βασιλέως.
663 2635 698 2715 (7)
712 2633 828 2711 Ἀμάρης

65 2726 87 2784 δὲ
101 2726 247 2807 ξυναγαγὼν
269 2727 371 2794 πάντας
395 2726 453 2794 τοῦς
473 2729 518 2783 ὑπ’
531 2724 610 2783 αὐτὸν
625 2724 672 2783 καί
691 2746 762 2790 τινας
775 2726 827 2780 τῶν

884 606 914 662 ἐκ
928 603 1132 676 Πελοποννήσου
1148 605 1281 685 Ἰλλυριῶν
1294 607 1508 684 προσλαῦόμενος
1520 616 1566 667 καί
1580 630 1659 689 στρα.

884 689 942 749 τιδιν
956 691 985 748 οὗ
1006 692 1107 762 πολλὴν
1121 694 1258 771 ἀθροίσας,
1275 693 1387 765 ἐκάθητο
1405 696 1431 751 ἐν
1447 694 1584 776 Κορίνθῳ,
1602 720 1657 777 φυ-

883 778 990 836 λάσσων
1006 800 1035 836 τε
1056 779 1155 851 αὐτὴν,
1176 780 1223 839 καί
1243 780 1368 858 στρατιδιν
1390 781 1561 859 ἐκδεχόμενος
1582 784 1656 864 παρὰ

884 866 1027 945 βασιλέως·
1048 867 1099 939 ἤδη
1121 867 1172 947 γάρ
1192 859 1225 939 ἦν
1247 867 1354 949 πέμψας
1370 868 1480 947 ἄγγελον
1502 873 1538 938 ὡς
1561 873 1655 946 αὐτὸν,

885 951 957 1020 εὐθὺς
966 954 1140 1032 καταχθέντος
1155 960 1200 1014 τοῦ
1215 957 1321 1031 στόλου,
1335 959 1496 1035 ἀγγελοῦντα
1505 959 1553 1031 την
1564 959 1656 1039 ἔφοδον

882 1043 1046 1117 τούτου,καί
1069 1040 1127 1119 ἅμα
1152 1043 1242 1124 καιρὸν
1269 1044 1416 1115 ἐπιτήδειον
1442 1050 1656 1128 παραφυλάτιιιν

882 1131 1014 1189 ἐπιθέσθαι
1038 1135 1134 1198 αὐτοῖς.
1157 1132 1210 1192 Καί
1229 1132 1305 1209 ὁμὲν
1329 1134 1420 1203 οὕτως.
1465 1135 1498 1214 (ιι)
1524 1136 1656 1206 Βασιλεὺς

882 1219 909 1277 δέ
923 1217 1068 1296 πυθόμενος
1082 1220 1130 1292 την
1147 1221 1173 1288 ἐς
1194 1221 1394 1294 Πελοπόννησον
1414 1225 1585 1303 ἐκστρατείαν
1606 1229 1659 1285 τῶν

883 1308 996 1368 Ἐνετῶν
1019 1308 1065 1366 καλ
1091 1309 1136 1369 τὸν
1159 1314 1205 1368 τοῦ
1230 1312 1323 1387 ἰσθμοῦ
1345 1312 1496 1390 τειχισμὸν,
1518 1312 1604 1373 οὗκίτι
1626 1317 1654 1372 ἐν

885 1395 1027 1463 άναόολαῖς
1041 1396 1071 1455 τθ
1085 1407 1195 1476 πρᾶγμα
1209 1398 1301 1471 ἐτίθει,
1315 1400 1373 1457 ἀλλ’
1388 1399 1461 1468 eiii<
1476 1404 1659 1478 μετακαλεσά-

883 1506 958 1560 μενος
976 1486 1171 1564 Μαχουμούτεα
1190 1486 1234 1545 τόν
1255 1486 1354 1545 πασίαν
1369 1488 1415 1548 καί
1435 1490 1562 1567 στρατιὰν
1585 1492 1657 1566 αιἰτῷ

883 1573 941 1641 δοὺς
955 1573 1048 1646 ἱκανὴν
1067 1578 1180 1634 ὁπλιτῶν
1191 1598 1220 1634 τε
1236 1574 1282 1633 καὶ
1295 1574 1408 1643 τοξοτῶν
1422 1578 1529 1637 καὶτῶν
1544 1578 1599 1639 σἰπθ
1609 1583 1657 1651 τῆς

882 1661 949 1728 ίδίας
959 1663 1039 1733 αῦλῆς
1052 1661 1109 1729 τοὺς
1119 1664 1330 1743 μαχιμωτάτους
1344 1689 1372 1723 τε
1389 1666 1435 1725 καί
1450 1667 1657 1739 εὖοπλωτάτους,

882 1749 1029 1826 ἐκπέμπτει
1039 1755 1063 1817 ἐς
1077 1752 1288 1823 Πελοπόννησον.
1326 1753 1362 1831 (ο)
1380 1755 1464 1821 Αθτθς
1477 1757 1504 1814 δὲ
1517 1779 1658 1829 καταστη-

883 1838 995 1915 σάμενος
1011 1839 1098 1897 πάντα
1115 1839 1149 1901 τθι
1163 1842 1190 1898 ἐν
1207 1841 1261 1907 τοῖς
1275 1839 1399 1921 Βόστροις
1420 1846 1506 1910 καλῶς
1518 1843 1606 1905 τεκαὶ
1622 1848 1657 1910 ὡς

883 1918 914 1997 ἦν
924 1929 997 2008 αὐτῷ
1008 1929 1078 1986 κατδι
1087 1934 1158 2004 νοῦν,
1172 1930 1297 2010 φρουρούς
1307 1955 1336 1990 τε
1348 1932 1393 1989 καί
1406 1933 1573 2012 φρουράρχας
1584 1938 1617 2013 τῇ
1628 1956 1656 1991 τε

883 2012 984 2096 Ἰαίτζη
1000 2016 1113 2084 καὶτοῖς
1129 2017 1218 2085 ἄλλοις
1236 2022 1288 2077 τῶν
1307 2017 1436 2098 φρουρίων
1454 2020 1656 2098 ἐγκαταστήσας

881 2104 931 2165 ὅσα
951 2104 988 2181 μὴ
1002 2105 1163 2188 κατέσκαψε,
1179 2106 1319 2187 σατράπην
1341 2130 1371 2166 τε
1389 2107 1436 2176 ξῦν
1453 2115 1564 2188 στρατιᾷ
1581 2112 1658 2187 ἱκανῇ

882 2192 1000 2273 τῇχιίιραΙ
1012 2193 1166 2253 καταλιπὼν
1177 2193 1260 2274 ἄνδρα
1274 2198 1326 2254 τῶν
1339 2197 1492 2273 ὀνομαστῶν
1506 2199 1570 2274 παρ’
1584 2197 1656 2275 αὐτῷ

881 2281 924 2339 ἐπ’
938 2281 1030 2363 ἀνδρία
1043 2282 1089 2341 καί
1100 2284 1261 2362 στρατηγία,
1279 2282 1325 2342 καί
1337 2284 1411 2342 λείαν
1427 2284 1524 2351 ἐλάσας
1535 2283 1575 2342 ὅτι
1587 2291 1658 2343 πολ-

881 2365 930 2439 λὴν
942 2368 1019 2435 αθτός
1037 2393 1065 2429 τε
1074 2369 1118 2428 καλ
1131 2376 1165 2449 τῇ
1173 2381 1285 2451 στρατιᾷ
1296 2372 1411 2447 διαδούς,
1428 2371 1559 2432 ἐπάνεισιν
1570 2374 1597 2441 ἐς
1610 2373 1659 2444 τὴν

882 2456 1036 2538 Ἀδριανοῦ,
1054 2460 1218 2539 φθινοπώρου
1234 2459 1359 2533 λήγοντος
1374 2460 1438 2532 ἤδη.
1454 2461 1507 2521 Καὶ
1521 2460 1548 2520 ἐν
1565 2459 1596 2532 δὴ
1614 2463 1659 2519 καί

882 2545 1077 2624 ἑόδομηκοστθν
1097 2546 1153 2615 ἔτος
1175 2549 1239 2630 πρδς
1250 2552 1305 2616 τοῖς
1319 2550 1477 2617 ἐννακοσίοις
1495 2574 1524 2608 τε
1538 2552 1583 2609 καὶ
1595 2550 1659 2619 ἐξα-

882 2633 1021 2713 κιοχελίοις
1032 2639 1086 2703 τοῖς
1099 2637 1167 2704 όλοις
1183 2636 1290 2710 ἠνύετο,
1309 2638 1396 2716 τρίτον
1431 2637 1458 2697 δὲ
1479 2639 1526 2696 καὶ
1550 2639 1658 2699 δέκατον

883 2726 929 2793 τῆς
943 2724 1029 2802 ἀρχῆς
1047 2726 1085 2804 τῷ
1101 2727 1214 2803 βασιλεῖ.

67 2912 76 2954 1
90 2908 152 2968 sept.
169 2908 237 2963 14⁶3,
252 2902 352 2956 finitum
371 2908 398 2953 ¹5
410 2902 507 2953 dierum
523 2900 610 2965 spatio.
628 2903 714 2950 Murus
728 2903 756 2949 12
769 2899 844 2962 pedes
859 2899 924 2948 alius
944 2901 970 2949 et
984 2903 1027 2948 136
1048 2900 1159 2951 tum‘bus
1169 2901 1319 2965 instructus,
1333 2905 1362 2952 ut
1373 2904 1462 2953 Veneti
1478 2904 1589 2957 tradunt.
1600 2908 1655 2956 Sec.

67 2973 167 3023 thiz.
186 2988 211 3038 p.
227 2977 285 3031 ⁴15,
295 2976 311 3021 3
320 2972 433 3035 Aloysius
449 2968 577 3022 Loredano
589 2970 728 3034 ᾠκοδόμησε
741 2971 781 3018 τὸν
799 2970 890 3031 ἰσθμὸν,
903 2974 982 3025 κακῶς
991 2971 1016 3019 δὲ
1030 2971 1119 3029 διάτην
1131 2974 1264 3032 συντομίαν.
1279 2975 1333 3023 Sec.
1350 2973 1444 3023 critob.
1460 2987 1509 3023 non
1522 2974 1608 3026 finitus
1617 2978 1657 3026 est

64 3052 155 3095 murus?
166 3045 176 3109 [i
187 3072 220 3082 -
237 3046 262 3095 ἐν
276 3044 382 3107 Κορίνθῳ
396 3041 510 3106 ἐκάθητο]
522 3043 591 3101 Ιιιιο,
607 3043 709 3090 ornares
724 3039 793 3088 initio
811 3038 868 3089 beili
883 3043 936 3089 ετεθ
957 3039 1066 3101 Leontii,
1082 3042 1145 3093 teste
1163 3042 1232 3092 θΙιεΙ.
1247 3055 1271 3106 p.
1286 3047 1341 3103 556,
1359 3046 1400 3102 ¹43
1420 3043 1531 3093 Corinthi
1544 3046 1660 3109 praeaidio

65 3120 111 3163 tum
125 3118 226 3178 preerat
240 3112 380 3175 Sinanbeg‚
397 3114 425 3162 ui
446 3112 481 3162 ait
494 3110 613 3161 Seadedd.
627 3124 652 3175 p.
669 3113 721 3159 231.
737 3108 747 3172 {l
762 3135 794 3144 -
810 3109 862 3172 §2
874 3109 1000 3173 ὡςαθτθν]
1010 3124 1044 3160 m.
1060 3116 1084 3171 2,
1098 3111 1121 3167 ἐς
1142 3112 1194 3161 αθτ.
1207 3125 1241 3161 m.
1260 3118 1281 3162 l.
1296 3110 1307 3177 ΙΙ
1317 3140 1348 3150 -
1364 3115 1564 3179 παραφυλαττων]
1579 3128 1613 3165 m.
1629 3125 1652 3183 2,

67 3187 169 3245 φράττων
182 3200 215 3235 ιη,
231 3190 253 3235 1,
267 3185 278 3248 fl
297 3211 329 3220 -
342 3182 358 3247 §
369 3189 393 3233 8.
408 3183 448 3239 ξὺν
458 3186 555 3245 στρατιᾷ
565 3179 649 3244 ίκανῇ]
662 3182 703 3228 καὶ
715 3180 826 3243 στρατιὰν
837 3180 918 3238 ῑκανην
930 3178 1017 3229 codex.
1032 3181 1115 3231 Possis
1128 3181 1204 3231 eiiam
1220 3182 1330 3244 στρατιάν
1346 3201 1371 3233 τε
1385 3184 1468 3242 ἱκανὴν
1481 3185 1521 3233 καὶ
1538 3185 1657 3245 σατράπην

67 3257 192 3306 καταλιπών.
213 3257 225 3320 [Ι
242 3254 298 3319 -§
312 3262 336 3305 8.
349 3254 390 3303 καὶ
401 3252 440 3317 ἓν]
454 3252 512 3303 ἓνίιι
524 3264 621 3303 rasura.
637 3249 806 3314 Exspectabis
816 3254 925 3315 πρῶτον,
945 3252 971 3301 at
984 3249 1044 3301 iliud
1053 3264 1086 3302 ex
1102 3264 1171 3302 ιιιοιο
1180 3253 1271 3303 Nostri.
