<?xml version="1.0" encoding="UTF-8"?>
<!DOCTYPE html PUBLIC "-//W3C//DTD XHTML 1.0 Transitional//EN"
    "http://www.w3.org/TR/xhtml1/DTD/xhtml1-transitional.dtd">
<html xmlns="http://www.w3.org/1999/xhtml" xml:lang="en" lang="en">
 <head>
  <title>
</title>
<meta http-equiv="Content-Type" content="text/html;charset=utf-8" />
  <meta name='ocr-system' content='tesseract 3.04.00' />
  <meta name='ocr-capabilities' content='ocr_page ocr_carea ocr_par ocr_line ocrx_word'/>
</head>
<body>
  <div class='ocr_page' id='page_1' title='image "./fragmentahistor00jeagoog_0019.png"; bbox 0 0 3890 6044; ppageno 0'>
   <div class='ocr_carea' id='block_1_1' title="bbox 154 421 1178 521">
    <p class='ocr_par' dir='ltr' id='par_1_1' title="bbox 154 421 1178 521">
     <span class='ocr_line' id='line_1_1' title="bbox 154 421 1178 521; baseline 0.012 -48"><span class='ocrx_word' id='word_1_1' title='bbox 154 463 159 473; x_wconf 92' lang='lat'><strong>.</strong></span> <span class='ocrx_word' id='word_1_2' title='bbox 247 442 281 521; x_wconf 64' lang='lat'><strong>1¹</strong></span> <span class='ocrx_word' id='word_1_3' title='bbox 874 421 1178 487; x_wconf 81' lang='lat' dir='ltr'><strong>PROLEGOMENA.</strong></span> 
     </span>
    </p>
   </div>
   <div class='ocr_carea' id='block_1_2' title="bbox 168 554 1936 2767">
    <p class='ocr_par' dir='ltr' id='par_1_2' title="bbox 168 554 1936 2767">
     <span class='ocr_line' id='line_1_2' title="bbox 250 554 1849 634; baseline 0 -17"><span class='ocrx_word' id='word_1_4' title='bbox 250 571 399 618; x_wconf 86' lang='lat' dir='ltr'><strong>exaratum</strong></span> <span class='ocrx_word' id='word_1_5' title='bbox 415 573 460 617; x_wconf 90' lang='lat' dir='ltr'><strong>est</strong></span> <span class='ocrx_word' id='word_1_6' title='bbox 477 556 504 616; x_wconf 67' lang='lat' dir='ltr'><strong>x*</strong></span> <span class='ocrx_word' id='word_1_7' title='bbox 514 557 569 616; x_wconf 89' lang='lat' dir='ltr'><strong>hoc</strong></span> <span class='ocrx_word' id='word_1_8' title='bbox 583 558 650 615; x_wconf 91' lang='lat' dir='ltr'><strong>loco</strong></span> <span class='ocrx_word' id='word_1_9' title='bbox 666 557 813 633; x_wconf 79' lang='lat' dir='ltr'><strong>significet</strong></span> <span class='ocrx_word' id='word_1_10' title='bbox 825 556 906 616; x_wconf 80' lang='grc' dir='ltr'>κατά.</span> <span class='ocrx_word' id='word_1_11' title='bbox 921 556 984 617; x_wconf 85' lang='grc' dir='ltr'><strong>Ηοο</strong></span> <span class='ocrx_word' id='word_1_12' title='bbox 997 556 1023 616; x_wconf 91' lang='lat' dir='ltr'><strong>si</strong></span> <span class='ocrx_word' id='word_1_13' title='bbox 1036 576 1096 617; x_wconf 89' lang='lat' dir='ltr'><strong>non</strong></span> <span class='ocrx_word' id='word_1_14' title='bbox 1112 556 1309 633; x_wconf 75' lang='lat' dir='ltr'><strong>concesseris,</strong></span> <span class='ocrx_word' id='word_1_15' title='bbox 1326 558 1447 615; x_wconf 87' lang='lat' dir='ltr'><strong>alterum</strong></span> <span class='ocrx_word' id='word_1_16' title='bbox 1462 555 1536 615; x_wconf 90' lang='lat' dir='ltr'><strong>illud</strong></span> <span class='ocrx_word' id='word_1_17' title='bbox 1551 554 1611 628; x_wconf 83' lang='grc' dir='ltr'>καί,</span> <span class='ocrx_word' id='word_1_18' title='bbox 1628 574 1708 634; x_wconf 82' lang='lat' dir='ltr'><strong>quoa</strong></span> <span class='ocrx_word' id='word_1_19' title='bbox 1726 571 1849 617; x_wconf 88' lang='lat' dir='ltr'><strong>estante</strong></span> 
     </span>
     <span class='ocr_line' id='line_1_3' title="bbox 247 652 1936 735; baseline -0.001 -21"><span class='ocrx_word' id='word_1_20' title='bbox 247 655 339 714; x_wconf 82' lang='lat' dir='ltr'><strong>verba</strong></span> <span class='ocrx_word' id='word_1_21' title='bbox 360 654 390 714; x_wconf 85' lang='grc' dir='ltr'><strong>τὸ</strong></span> <span class='ocrx_word' id='word_1_22' title='bbox 411 654 586 730; x_wconf 82' lang='grc' dir='ltr'>ζητούμενον,</span> <span class='ocrx_word' id='word_1_23' title='bbox 602 667 709 733; x_wconf 76' lang='lat' dir='ltr'><strong>prater</strong></span> <span class='ocrx_word' id='word_1_24' title='bbox 733 655 876 713; x_wconf 88' lang='lat' dir='ltr'><strong>rationem</strong></span> <span class='ocrx_word' id='word_1_25' title='bbox 905 653 1031 713; x_wconf 89' lang='lat' dir='ltr'><strong>deletum</strong></span> <span class='ocrx_word' id='word_1_26' title='bbox 1056 654 1184 725; x_wconf 77' lang='lat' dir='ltr'><strong>dixeris3</strong></span> <span class='ocrx_word' id='word_1_27' title='bbox 1200 667 1250 712; x_wconf 87' lang='lat' dir='ltr'><strong>aut</strong></span> <span class='ocrx_word' id='word_1_28' title='bbox 1271 658 1350 714; x_wconf 91' lang='lat' dir='ltr'><strong>enim</strong></span> <span class='ocrx_word' id='word_1_29' title='bbox 1367 668 1524 730; x_wconf 88' lang='lat' dir='ltr'><strong>utrumque</strong></span> <span class='ocrx_word' id='word_1_30' title='bbox 1544 652 1589 713; x_wconf 82' lang='grc' dir='ltr'><strong>καί</strong></span> <span class='ocrx_word' id='word_1_31' title='bbox 1610 653 1783 732; x_wconf 89' lang='lat' dir='ltr'><strong>delendum,</strong></span> <span class='ocrx_word' id='word_1_32' title='bbox 1798 668 1849 714; x_wconf 88' lang='lat' dir='ltr'><strong>aut</strong></span> <span class='ocrx_word' id='word_1_33' title='bbox 1935 720 1936 735; x_wconf 28' lang='grc' dir='ltr'>ρ</span> 
     </span>
     <span class='ocr_line' id='line_1_4' title="bbox 250 749 1936 829; baseline 0.002 -20"><span class='ocrx_word' id='word_1_34' title='bbox 250 765 408 829; x_wconf 90' lang='lat' dir='ltr'><strong>utrumque</strong></span> <span class='ocrx_word' id='word_1_35' title='bbox 433 751 609 810; x_wconf 87' lang='lat' dir='ltr'><strong>servandum</strong></span> <span class='ocrx_word' id='word_1_36' title='bbox 634 749 730 810; x_wconf 85' lang='lat' dir='ltr'><strong>fuisse.</strong></span> <span class='ocrx_word' id='word_1_37' title='bbox 754 750 785 809; x_wconf 93' lang='lat' dir='ltr'><strong>Si</strong></span> <span class='ocrx_word' id='word_1_38' title='bbox 804 751 983 822; x_wconf 74' lang='lat' dir='ltr'>servaveris,</span> <span class='ocrx_word' id='word_1_39' title='bbox 998 749 1087 810; x_wconf 81' lang='lat' dir='ltr'><strong>rerba</strong></span> <span class='ocrx_word' id='word_1_40' title='bbox 1113 751 1336 829; x_wconf 88' lang='lat' dir='ltr'><strong>interpretanda</strong></span> <span class='ocrx_word' id='word_1_41' title='bbox 1354 750 1509 810; x_wconf 84' lang='lat' dir='ltr'><strong>rideantur</strong></span> <span class='ocrx_word' id='word_1_42' title='bbox 1526 755 1610 809; x_wconf 82' lang='lat' dir='ltr'><strong>:Hoc</strong></span> <span class='ocrx_word' id='word_1_43' title='bbox 1631 765 1673 808; x_wconf 82' lang='lat' dir='ltr'><strong>est</strong></span> <span class='ocrx_word' id='word_1_44' title='bbox 1694 766 1724 809; x_wconf 88' lang='lat' dir='ltr'><strong>et</strong></span> <span class='ocrx_word' id='word_1_45' title='bbox 1741 761 1853 829; x_wconf 79' lang='lat' dir='ltr'><strong>signum</strong></span> <span class='ocrx_word' id='word_1_46' title='bbox 1935 758 1936 827; x_wconf 45' lang='grc' dir='ltr'><strong><em>ᾗ</em></strong></span> 
     </span>
     <span class='ocr_line' id='line_1_5' title="bbox 248 848 1936 924; baseline 0.001 -17"><span class='ocrx_word' id='word_1_47' title='bbox 248 852 419 908; x_wconf 83' lang='lat' dir='ltr'><strong>Aristodemi</strong></span> <span class='ocrx_word' id='word_1_48' title='bbox 429 855 590 907; x_wconf 75' lang='lat' dir='ltr'><strong><em>narrationi</em></strong></span> <span class='ocrx_word' id='word_1_49' title='bbox 602 855 632 905; x_wconf 86' lang='lat' dir='ltr'><strong>r&#39;n</strong></span> <span class='ocrx_word' id='word_1_50' title='bbox 646 862 754 908; x_wconf 83' lang='lat' dir='ltr'><strong>anteco.</strong></span> <span class='ocrx_word' id='word_1_51' title='bbox 767 853 924 924; x_wconf 82' lang='lat' dir='ltr'><strong>oppositam</strong></span> <span class='ocrx_word' id='word_1_52' title='bbox 939 860 970 903; x_wconf 85' lang='lat' dir='ltr'><strong>et</strong></span> <span class='ocrx_word' id='word_1_53' title='bbox 978 853 1149 904; x_wconf 78' lang='lat' dir='ltr'><strong>narrationis</strong></span> <span class='ocrx_word' id='word_1_54' title='bbox 1156 868 1228 922; x_wconf 82' lang='lat' dir='ltr'><strong>pars</strong></span> <span class='ocrx_word' id='word_1_55' title='bbox 1241 870 1307 923; x_wconf 82' lang='lat' dir='ltr'><strong>qnoe</strong></span> <span class='ocrx_word' id='word_1_56' title='bbox 1322 856 1352 905; x_wconf 86' lang='lat' dir='ltr'><strong>in</strong></span> <span class='ocrx_word' id='word_1_57' title='bbox 1366 861 1474 911; x_wconf 83' lang='lat' dir='ltr'><strong>antece.</strong></span> <span class='ocrx_word' id='word_1_58' title='bbox 1485 851 1708 911; x_wconf 81' lang='lat' dir='ltr'><strong>desiderabatur.</strong></span> <span class='ocrx_word' id='word_1_59' title='bbox 1716 848 1853 909; x_wconf 84' lang='lat' dir='ltr'><strong>Ceterum</strong></span> <span class='ocrx_word' id='word_1_60' title='bbox 1935 854 1936 921; x_wconf 67' lang='grc' dir='ltr'>ί</span> 
     </span>
     <span class='ocr_line' id='line_1_6' title="bbox 247 940 1936 1024; baseline -0.001 -18"><span class='ocrx_word' id='word_1_61' title='bbox 247 945 346 1006; x_wconf 87' lang='lat' dir='ltr'><strong>nescio</strong></span> <span class='ocrx_word' id='word_1_62' title='bbox 360 965 397 1005; x_wconf 88' lang='lat' dir='ltr'><strong>an</strong></span> <span class='ocrx_word' id='word_1_63' title='bbox 410 959 479 1024; x_wconf 90' lang='lat' dir='ltr'><strong>post</strong></span> <span class='ocrx_word' id='word_1_64' title='bbox 491 945 639 1005; x_wconf 70' lang='lat' dir='ltr'><strong>verbasci</strong></span> <span class='ocrx_word' id='word_1_65' title='bbox 652 943 839 1024; x_wconf 79' lang='grc' dir='ltr'>Ἀριστοδήμου</span> <span class='ocrx_word' id='word_1_66' title='bbox 861 940 984 1001; x_wconf 77' lang='lat' dir='ltr'><strong>verbum</strong></span> <span class='ocrx_word' id='word_1_67' title='bbox 999 942 1119 1019; x_wconf 81' lang='lat' dir='ltr'><strong>aliquod</strong></span> <span class='ocrx_word' id='word_1_68' title='bbox 1133 962 1192 1001; x_wconf 88' lang='lat' dir='ltr'><strong>nna</strong></span> <span class='ocrx_word' id='word_1_69' title='bbox 1211 963 1276 1003; x_wconf 91' lang='lat' dir='ltr'><strong>cum</strong></span> <span class='ocrx_word' id='word_1_70' title='bbox 1292 943 1468 1003; x_wconf 75' lang='lat' dir='ltr'><strong>membranae</strong></span> <span class='ocrx_word' id='word_1_71' title='bbox 1488 944 1631 1023; x_wconf 87' lang='lat' dir='ltr'><strong>particula</strong></span> <span class='ocrx_word' id='word_1_72' title='bbox 1649 945 1783 1005; x_wconf 80' lang='lat' dir='ltr'><strong>avulsum</strong></span> <span class='ocrx_word' id='word_1_73' title='bbox 1799 947 1850 1008; x_wconf 90' lang='lat' dir='ltr'><strong>sit.</strong></span> <span class='ocrx_word' id='word_1_74' title='bbox 1935 958 1936 1015; x_wconf 43' lang='grc' dir='ltr'>ᾗ</span> 
     </span>
     <span class='ocr_line' id='line_1_7' title="bbox 248 1028 1936 1121; baseline 0.001 -20"><span class='ocrx_word' id='word_1_75' title='bbox 248 1042 362 1101; x_wconf 81' lang='lat' dir='ltr'><strong>Deinde</strong></span> <span class='ocrx_word' id='word_1_76' title='bbox 375 1060 446 1100; x_wconf 88' lang='lat' dir='ltr'><strong>vero</strong></span> <span class='ocrx_word' id='word_1_77' title='bbox 458 1055 575 1121; x_wconf 90' lang='lat' dir='ltr'><strong>reputes</strong></span> <span class='ocrx_word' id='word_1_78' title='bbox 588 1042 619 1100; x_wconf 94' lang='lat' dir='ltr'><strong>in</strong></span> <span class='ocrx_word' id='word_1_79' title='bbox 634 1042 768 1120; x_wconf 83' lang='lat' dir='ltr'><strong>proxime</strong></span> <span class='ocrx_word' id='word_1_80' title='bbox 781 1037 1018 1099; x_wconf 76' lang='lat' dir='ltr'><strong>antecedentibus</strong></span> <span class='ocrx_word' id='word_1_81' title='bbox 1036 1038 1191 1098; x_wconf 90' lang='lat' dir='ltr'><strong>dicendum</strong></span> <span class='ocrx_word' id='word_1_82' title='bbox 1213 1041 1301 1100; x_wconf 85' lang='lat' dir='ltr'><strong>luisse</strong></span> <span class='ocrx_word' id='word_1_83' title='bbox 1320 1042 1357 1100; x_wconf 93' lang='lat' dir='ltr'><strong>de</strong></span> <span class='ocrx_word' id='word_1_84' title='bbox 1372 1042 1558 1100; x_wconf 76' lang='lat' dir='ltr'><strong>Aristodemo</strong></span> <span class='ocrx_word' id='word_1_85' title='bbox 1576 1041 1721 1120; x_wconf 86' lang='lat' dir='ltr'><strong>Spartiata</strong></span> <span class='ocrx_word' id='word_1_86' title='bbox 1742 1043 1793 1120; x_wconf 92' lang='lat' dir='ltr'><strong>qui</strong></span> <span class='ocrx_word' id='word_1_87' title='bbox 1808 1043 1851 1103; x_wconf 90' lang='lat' dir='ltr'><strong>ob</strong></span> <span class='ocrx_word' id='word_1_88' title='bbox 1935 1028 1936 1059; x_wconf 43' lang='grc' dir='ltr'>ί</span> 
     </span>
     <span class='ocr_line' id='line_1_8' title="bbox 249 1135 1852 1218; baseline -0.001 -19"><span class='ocrx_word' id='word_1_89' title='bbox 249 1139 399 1199; x_wconf 84' lang='lat' dir='ltr'><strong>oculorum</strong></span> <span class='ocrx_word' id='word_1_90' title='bbox 421 1137 555 1197; x_wconf 86' lang='lat' dir='ltr'><strong>morbum</strong></span> <span class='ocrx_word' id='word_1_91' title='bbox 569 1157 629 1195; x_wconf 92' lang='lat' dir='ltr'><strong>non</strong></span> <span class='ocrx_word' id='word_1_92' title='bbox 644 1137 778 1195; x_wconf 77' lang='lat' dir='ltr'><strong>interfuit</strong></span> <span class='ocrx_word' id='word_1_93' title='bbox 791 1137 900 1217; x_wconf 90' lang='lat' dir='ltr'><strong>proelio</strong></span> <span class='ocrx_word' id='word_1_94' title='bbox 917 1136 953 1196; x_wconf 86' lang='lat' dir='ltr'><strong>ad</strong></span> <span class='ocrx_word' id='word_1_95' title='bbox 967 1135 1180 1215; x_wconf 84' lang='lat' dir='ltr'><strong>Thermopylas</strong></span> <span class='ocrx_word' id='word_1_96' title='bbox 1200 1140 1355 1199; x_wconf 86' lang='lat' dir='ltr'><strong>commisso</strong></span> <span class='ocrx_word' id='word_1_97' title='bbox 1369 1152 1398 1198; x_wconf 93' lang='lat' dir='ltr'><strong>et</strong></span> <span class='ocrx_word' id='word_1_98' title='bbox 1410 1154 1563 1218; x_wconf 87' lang='lat' dir='ltr'><strong>propterea</strong></span> <span class='ocrx_word' id='word_1_99' title='bbox 1585 1138 1707 1216; x_wconf 87' lang='lat' dir='ltr'><strong>Trepidi</strong></span> <span class='ocrx_word' id='word_1_100' title='bbox 1729 1140 1852 1198; x_wconf 88' lang='lat' dir='ltr'><strong>nomine</strong></span> 
     </span>
     <span class='ocr_line' id='line_1_9' title="bbox 248 1232 1851 1314; baseline 0.001 -19"><span class='ocrx_word' id='word_1_101' title='bbox 248 1248 365 1295; x_wconf 88' lang='lat' dir='ltr'><strong>notatus</strong></span> <span class='ocrx_word' id='word_1_102' title='bbox 379 1248 439 1307; x_wconf 91' lang='lat' dir='ltr'><strong>est,</strong></span> <span class='ocrx_word' id='word_1_103' title='bbox 455 1254 540 1312; x_wconf 90' lang='lat' dir='ltr'><strong>quam</strong></span> <span class='ocrx_word' id='word_1_104' title='bbox 554 1234 700 1292; x_wconf 74' lang='lat' dir='ltr'><strong>infamiam</strong></span> <span class='ocrx_word' id='word_1_105' title='bbox 716 1233 753 1292; x_wconf 90' lang='lat' dir='ltr'><strong>ad</strong></span> <span class='ocrx_word' id='word_1_106' title='bbox 767 1232 887 1293; x_wconf 83' lang='lat' dir='ltr'><strong>Plataeas</strong></span> <span class='ocrx_word' id='word_1_107' title='bbox 900 1253 1020 1293; x_wconf 76' lang='lat' dir='ltr'><strong>summae</strong></span> <span class='ocrx_word' id='word_1_108' title='bbox 1030 1234 1149 1293; x_wconf 80' lang='lat' dir='ltr'><strong>uirtutis</strong></span> <span class='ocrx_word' id='word_1_109' title='bbox 1161 1235 1245 1294; x_wconf 87' lang='lat' dir='ltr'><strong>laude</strong></span> <span class='ocrx_word' id='word_1_110' title='bbox 1258 1235 1366 1294; x_wconf 82' lang='lat' dir='ltr'><strong>delevit</strong></span> <span class='ocrx_word' id='word_1_111' title='bbox 1382 1238 1420 1303; x_wconf 86' lang='grc' dir='ltr'><strong>(ν.</strong></span> <span class='ocrx_word' id='word_1_112' title='bbox 1434 1236 1537 1311; x_wconf 78' lang='lat' dir='ltr'><strong>fragm.</strong></span> <span class='ocrx_word' id='word_1_113' title='bbox 1555 1255 1582 1297; x_wconf 85' lang='lat' dir='ltr'><strong>c.</strong></span> <span class='ocrx_word' id='word_1_114' title='bbox 1599 1236 1627 1307; x_wconf 79' lang='lat'><strong>3,</strong></span> <span class='ocrx_word' id='word_1_115' title='bbox 1641 1236 1684 1314; x_wconf 82' lang='lat'><strong>5).</strong></span> <span class='ocrx_word' id='word_1_116' title='bbox 1697 1236 1851 1314; x_wconf 82' lang='lat' dir='ltr'><strong>Suspicari</strong></span> 
     </span>
     <span class='ocr_line' id='line_1_10' title="bbox 246 1329 1851 1409; baseline 0.001 -17"><span class='ocrx_word' id='word_1_117' title='bbox 246 1332 338 1409; x_wconf 85' lang='lat' dir='ltr'><strong>igitur</strong></span> <span class='ocrx_word' id='word_1_118' title='bbox 353 1333 421 1391; x_wconf 91' lang='lat' dir='ltr'><strong>licet</strong></span> <span class='ocrx_word' id='word_1_119' title='bbox 435 1332 600 1409; x_wconf 80' lang='lat' dir='ltr'><strong>inpraefixo</strong></span> <span class='ocrx_word' id='word_1_120' title='bbox 620 1330 755 1391; x_wconf 88' lang='lat' dir='ltr'><strong>lemmate</strong></span> <span class='ocrx_word' id='word_1_121' title='bbox 777 1329 814 1388; x_wconf 90' lang='lat' dir='ltr'><strong>de</strong></span> <span class='ocrx_word' id='word_1_122' title='bbox 834 1331 899 1407; x_wconf 92' lang='lat' dir='ltr'><strong>ipso</strong></span> <span class='ocrx_word' id='word_1_123' title='bbox 918 1329 975 1388; x_wconf 93' lang='lat' dir='ltr'><strong>boc</strong></span> <span class='ocrx_word' id='word_1_124' title='bbox 989 1329 1149 1409; x_wconf 72' lang='lat' dir='ltr'><strong>Spaniam,</strong></span> <span class='ocrx_word' id='word_1_125' title='bbox 1166 1351 1225 1389; x_wconf 89' lang='lat' dir='ltr'><strong>non</strong></span> <span class='ocrx_word' id='word_1_126' title='bbox 1240 1350 1314 1390; x_wconf 83' lang='lat' dir='ltr'><strong>vero</strong></span> <span class='ocrx_word' id='word_1_127' title='bbox 1329 1331 1366 1393; x_wconf 88' lang='lat' dir='ltr'><strong>de</strong></span> <span class='ocrx_word' id='word_1_128' title='bbox 1392 1332 1493 1408; x_wconf 89' lang='lat' dir='ltr'><strong>ignoto</strong></span> <span class='ocrx_word' id='word_1_129' title='bbox 1512 1332 1640 1409; x_wconf 90' lang='lat' dir='ltr'><strong>quodam</strong></span> <span class='ocrx_word' id='word_1_130' title='bbox 1662 1333 1851 1394; x_wconf 75' lang='lat' dir='ltr'><strong>Aristodemo</strong></span> 
     </span>
     <span class='ocr_line' id='line_1_11' title="bbox 247 1425 1853 1505; baseline 0.001 -18"><span class='ocrx_word' id='word_1_131' title='bbox 247 1428 388 1488; x_wconf 87' lang='lat' dir='ltr'><strong>historico</strong></span> <span class='ocrx_word' id='word_1_132' title='bbox 400 1427 587 1503; x_wconf 81' lang='lat' dir='ltr'><strong>cogitandum</strong></span> <span class='ocrx_word' id='word_1_133' title='bbox 601 1445 681 1500; x_wconf 89' lang='lat' dir='ltr'><strong>esse,</strong></span> <span class='ocrx_word' id='word_1_134' title='bbox 696 1425 769 1484; x_wconf 88' lang='lat' dir='ltr'><strong>adeo</strong></span> <span class='ocrx_word' id='word_1_135' title='bbox 782 1439 814 1485; x_wconf 91' lang='lat' dir='ltr'><strong>ut</strong></span> <span class='ocrx_word' id='word_1_136' title='bbox 824 1425 914 1485; x_wconf 80' lang='lat' dir='ltr'><strong>verba</strong></span> <span class='ocrx_word' id='word_1_137' title='bbox 925 1426 1151 1502; x_wconf 84' lang='lat' dir='ltr'><strong>redintegranda</strong></span> <span class='ocrx_word' id='word_1_138' title='bbox 1160 1428 1220 1486; x_wconf 91' lang='lat' dir='ltr'><strong>sint</strong></span> <span class='ocrx_word' id='word_1_139' title='bbox 1231 1429 1263 1486; x_wconf 93' lang='lat' dir='ltr'><strong>in</strong></span> <span class='ocrx_word' id='word_1_140' title='bbox 1277 1428 1355 1486; x_wconf 88' lang='lat' dir='ltr'><strong>hunc</strong></span> <span class='ocrx_word' id='word_1_141' title='bbox 1368 1447 1484 1487; x_wconf 87' lang='lat' dir='ltr'><strong>sensum</strong></span> <span class='ocrx_word' id='word_1_142' title='bbox 1502 1449 1509 1485; x_wconf 93' lang='lat'><strong>:</strong></span> <span class='ocrx_word' id='word_1_143' title='bbox 1526 1425 1595 1485; x_wconf 74' lang='lat' dir='ltr'><strong>rosh</strong></span> <span class='ocrx_word' id='word_1_144' title='bbox 1607 1426 1638 1486; x_wconf 78' lang='grc' dir='ltr'><strong>τὸ</strong></span> <span class='ocrx_word' id='word_1_145' title='bbox 1649 1429 1757 1505; x_wconf 72' lang='grc' dir='ltr'>σημιῖον</span> <span class='ocrx_word' id='word_1_146' title='bbox 1771 1435 1853 1489; x_wconf 81' lang='grc' dir='ltr'>τοῦτο</span> 
     </span>
     <span class='ocr_line' id='line_1_12' title="bbox 247 1517 1936 1609; baseline 0.001 -25"><span class='ocrx_word' id='word_1_147' title='bbox 247 1523 302 1584; x_wconf 85' lang='grc' dir='ltr'>ίστι</span> <span class='ocrx_word' id='word_1_148' title='bbox 311 1523 356 1583; x_wconf 82' lang='grc' dir='ltr'><strong>καί</strong></span> <span class='ocrx_word' id='word_1_149' title='bbox 366 1523 395 1582; x_wconf 77' lang='grc' dir='ltr'><strong>τὸ</strong></span> <span class='ocrx_word' id='word_1_150' title='bbox 405 1523 562 1599; x_wconf 74' lang='grc' dir='ltr'>ζητούμενον</span> <span class='ocrx_word' id='word_1_151' title='bbox 572 1527 618 1580; x_wconf 79' lang='grc' dir='ltr'><strong>τοῦ</strong></span> <span class='ocrx_word' id='word_1_152' title='bbox 629 1520 816 1603; x_wconf 74' lang='grc' dir='ltr'>Ἀριστοδήμου</span> <span class='ocrx_word' id='word_1_153' title='bbox 828 1517 1056 1607; x_wconf 75' lang='grc' dir='ltr'>[ἀνδραγάθημα],</span> <span class='ocrx_word' id='word_1_154' title='bbox 1066 1529 1118 1583; x_wconf 84' lang='lat' dir='ltr'><strong>sub</strong></span> <span class='ocrx_word' id='word_1_155' title='bbox 1128 1528 1182 1585; x_wconf 78' lang='lat' dir='ltr'><strong>hoc</strong></span> <span class='ocrx_word' id='word_1_156' title='bbox 1194 1533 1275 1603; x_wconf 83' lang='lat' dir='ltr'><strong>signo</strong></span> <span class='ocrx_word' id='word_1_157' title='bbox 1288 1540 1422 1583; x_wconf 79' lang='lat' dir='ltr'><strong>narratur</strong></span> <span class='ocrx_word' id='word_1_158' title='bbox 1430 1532 1517 1583; x_wconf 69' lang='lat' dir='ltr'><strong>eoam</strong></span> <span class='ocrx_word' id='word_1_159' title='bbox 1530 1529 1603 1582; x_wconf 84' lang='lat' dir='ltr'><strong>illud</strong></span> <span class='ocrx_word' id='word_1_160' title='bbox 1610 1530 1687 1602; x_wconf 83' lang='lat' dir='ltr'><strong>qnod</strong></span> <span class='ocrx_word' id='word_1_161' title='bbox 1698 1532 1727 1582; x_wconf 83' lang='lat' dir='ltr'><strong>r&#39;n</strong></span> <span class='ocrx_word' id='word_1_162' title='bbox 1738 1541 1857 1607; x_wconf 54' lang='lat' dir='ltr'><strong>antece„</strong></span> <span class='ocrx_word' id='word_1_163' title='bbox 1935 1598 1936 1609; x_wconf 21' lang='grc' dir='ltr'>ρ</span> 
     </span>
     <span class='ocr_line' id='line_1_13' title="bbox 245 1619 1854 1701; baseline 0.005 -24"><span class='ocrx_word' id='word_1_164' title='bbox 245 1621 423 1696; x_wconf 79' lang='lat' dir='ltr'><strong>quoerebatur</strong></span> <span class='ocrx_word' id='word_1_165' title='bbox 434 1622 608 1677; x_wconf 81' lang='lat' dir='ltr'><strong>Aristodemi</strong></span> <span class='ocrx_word' id='word_1_166' title='bbox 617 1619 737 1691; x_wconf 75' lang='lat' dir='ltr'><strong>facinus</strong></span> <span class='ocrx_word' id='word_1_167' title='bbox 751 1628 907 1696; x_wconf 78' lang='lat' dir='ltr'><strong>egregium.</strong></span> <span class='ocrx_word' id='word_1_168' title='bbox 923 1621 995 1680; x_wconf 87' lang='lat' dir='ltr'><strong>Nam</strong></span> <span class='ocrx_word' id='word_1_169' title='bbox 1009 1622 1073 1680; x_wconf 89' lang='lat' dir='ltr'><strong>lieri</strong></span> <span class='ocrx_word' id='word_1_170' title='bbox 1093 1626 1189 1701; x_wconf 87' lang='lat' dir='ltr'><strong>potuit</strong></span> <span class='ocrx_word' id='word_1_171' title='bbox 1204 1637 1237 1682; x_wconf 90' lang='lat' dir='ltr'><strong>ut</strong></span> <span class='ocrx_word' id='word_1_172' title='bbox 1254 1625 1286 1682; x_wconf 92' lang='lat' dir='ltr'><strong>in</strong></span> <span class='ocrx_word' id='word_1_173' title='bbox 1303 1624 1540 1683; x_wconf 84' lang='lat' dir='ltr'><strong>antecedentibus</strong></span> <span class='ocrx_word' id='word_1_174' title='bbox 1560 1625 1597 1683; x_wconf 87' lang='lat' dir='ltr'><strong>ad</strong></span> <span class='ocrx_word' id='word_1_175' title='bbox 1617 1623 1728 1696; x_wconf 85' lang='lat' dir='ltr'><strong>locum,</strong></span> <span class='ocrx_word' id='word_1_176' title='bbox 1740 1623 1793 1683; x_wconf 92' lang='lat' dir='ltr'><strong>ubi</strong></span> <span class='ocrx_word' id='word_1_177' title='bbox 1812 1625 1854 1686; x_wconf 90' lang='lat' dir='ltr'><strong>de</strong></span> 
     </span>
     <span class='ocr_line' id='line_1_14' title="bbox 247 1700 1936 1800; baseline 0.005 -27"><span class='ocrx_word' id='word_1_178' title='bbox 247 1714 434 1774; x_wconf 79' lang='lat' dir='ltr'><strong>Aristodemo</strong></span> <span class='ocrx_word' id='word_1_179' title='bbox 449 1729 593 1790; x_wconf 80' lang='lat' dir='ltr'><strong>ageretur,</strong></span> <span class='ocrx_word' id='word_1_180' title='bbox 608 1715 787 1794; x_wconf 82' lang='lat' dir='ltr'><strong>adscriptum</strong></span> <span class='ocrx_word' id='word_1_181' title='bbox 802 1731 877 1776; x_wconf 88' lang='lat' dir='ltr'><strong>esset</strong></span> <span class='ocrx_word' id='word_1_182' title='bbox 893 1738 900 1775; x_wconf 81' lang='lat' dir='ltr'><strong>t</strong></span> <span class='ocrx_word' id='word_1_183' title='bbox 916 1717 998 1789; x_wconf 81' lang='grc' dir='ltr'>Ζήτσι</span> <span class='ocrx_word' id='word_1_184' title='bbox 1012 1720 1039 1777; x_wconf 74' lang='grc' dir='ltr'><strong>ἐν</strong></span> <span class='ocrx_word' id='word_1_185' title='bbox 1053 1720 1105 1786; x_wconf 80' lang='grc' dir='ltr'>τοῖς</span> <span class='ocrx_word' id='word_1_186' title='bbox 1119 1719 1225 1780; x_wconf 77' lang='grc' dir='ltr'>ὄπισθεν</span> <span class='ocrx_word' id='word_1_187' title='bbox 1238 1720 1268 1780; x_wconf 83' lang='grc' dir='ltr'><strong>τὸ</strong></span> <span class='ocrx_word' id='word_1_188' title='bbox 1281 1726 1327 1779; x_wconf 73' lang='grc' dir='ltr'><strong>τοῦ</strong></span> <span class='ocrx_word' id='word_1_189' title='bbox 1347 1719 1533 1800; x_wconf 74' lang='grc' dir='ltr'>Ἀριστοδήμου</span> <span class='ocrx_word' id='word_1_190' title='bbox 1548 1700 1749 1799; x_wconf 66' lang='grc' dir='ltr'>ἀνδραγάθημα.</span> <span class='ocrx_word' id='word_1_191' title='bbox 1763 1722 1852 1781; x_wconf 83' lang='lat' dir='ltr'><strong>Cort-</strong></span> <span class='ocrx_word' id='word_1_192' title='bbox 1935 1724 1936 1793; x_wconf 55' lang='grc' dir='ltr'><strong>ξ</strong></span> 
     </span>
     <span class='ocr_line' id='line_1_15' title="bbox 247 1812 1855 1896; baseline 0.004 -25"><span class='ocrx_word' id='word_1_193' title='bbox 247 1812 317 1871; x_wconf 82' lang='lat' dir='ltr'><strong>ferri</strong></span> <span class='ocrx_word' id='word_1_194' title='bbox 332 1812 516 1890; x_wconf 87' lang='lat' dir='ltr'><strong>aliquatenus</strong></span> <span class='ocrx_word' id='word_1_195' title='bbox 528 1813 621 1889; x_wconf 90' lang='lat' dir='ltr'><strong>possit</strong></span> <span class='ocrx_word' id='word_1_196' title='bbox 634 1815 714 1890; x_wconf 89' lang='lat' dir='ltr'><strong>quod</strong></span> <span class='ocrx_word' id='word_1_197' title='bbox 729 1814 760 1872; x_wconf 94' lang='lat' dir='ltr'><strong>in</strong></span> <span class='ocrx_word' id='word_1_198' title='bbox 772 1813 888 1889; x_wconf 85' lang='lat' dir='ltr'><strong>Eclogis</strong></span> <span class='ocrx_word' id='word_1_199' title='bbox 903 1814 1075 1894; x_wconf 81' lang='lat' dir='ltr'><strong>Polybianis</strong></span> <span class='ocrx_word' id='word_1_200' title='bbox 1091 1818 1152 1893; x_wconf 70' lang='grc' dir='ltr'>(ιη,</span> <span class='ocrx_word' id='word_1_201' title='bbox 1167 1840 1191 1877; x_wconf 92' lang='lat' dir='ltr'><strong>c.</strong></span> <span class='ocrx_word' id='word_1_202' title='bbox 1205 1819 1248 1894; x_wconf 79' lang='lat' dir='ltr'><strong>aa)</strong></span> <span class='ocrx_word' id='word_1_203' title='bbox 1260 1818 1391 1896; x_wconf 83' lang='lat' dir='ltr'><strong>abruptae</strong></span> <span class='ocrx_word' id='word_1_204' title='bbox 1409 1816 1448 1876; x_wconf 92' lang='lat' dir='ltr'><strong>ob</strong></span> <span class='ocrx_word' id='word_1_205' title='bbox 1462 1817 1573 1876; x_wconf 90' lang='lat' dir='ltr'><strong>codicis</strong></span> <span class='ocrx_word' id='word_1_206' title='bbox 1587 1817 1730 1877; x_wconf 86' lang='lat' dir='ltr'><strong>desectum</strong></span> <span class='ocrx_word' id='word_1_207' title='bbox 1746 1838 1855 1878; x_wconf 86' lang='lat' dir='ltr'><strong>narra·</strong></span> 
     </span>
     <span class='ocr_line' id='line_1_16' title="bbox 248 1906 1936 1996; baseline 0.003 -27"><span class='ocrx_word' id='word_1_208' title='bbox 248 1910 323 1969; x_wconf 77' lang='lat' dir='ltr'><strong>doni</strong></span> <span class='ocrx_word' id='word_1_209' title='bbox 336 1909 373 1967; x_wconf 90' lang='lat' dir='ltr'><strong>de</strong></span> <span class='ocrx_word' id='word_1_210' title='bbox 390 1909 547 1968; x_wconf 81' lang='lat' dir='ltr'><strong>Ptolemaeo</strong></span> <span class='ocrx_word' id='word_1_211' title='bbox 560 1908 752 1987; x_wconf 78' lang='lat' dir='ltr'><strong>Philopatore</strong></span> <span class='ocrx_word' id='word_1_212' title='bbox 767 1922 796 1968; x_wconf 93' lang='lat' dir='ltr'><strong>et</strong></span> <span class='ocrx_word' id='word_1_213' title='bbox 814 1908 968 1988; x_wconf 87' lang='lat' dir='ltr'><strong>Cleopatra</strong></span> <span class='ocrx_word' id='word_1_214' title='bbox 987 1915 1136 1990; x_wconf 89' lang='lat' dir='ltr'><strong>appictum</strong></span> <span class='ocrx_word' id='word_1_215' title='bbox 1151 1914 1260 1989; x_wconf 91' lang='lat' dir='ltr'><strong>legitur</strong></span> <span class='ocrx_word' id='word_1_216' title='bbox 1276 1935 1283 1971; x_wconf 82' lang='lat' dir='ltr'><strong>r</strong></span> <span class='ocrx_word' id='word_1_217' title='bbox 1298 1913 1385 1984; x_wconf 83' lang='grc' dir='ltr'>ζήτει·</span> <span class='ocrx_word' id='word_1_218' title='bbox 1399 1913 1515 1974; x_wconf 82' lang='grc' dir='ltr'>ίνίλτιπι</span> <span class='ocrx_word' id='word_1_219' title='bbox 1533 1912 1585 1992; x_wconf 73' lang='grc' dir='ltr'><strong>γὰρ</strong></span> <span class='ocrx_word' id='word_1_220' title='bbox 1599 1912 1683 1994; x_wconf 56' lang='lat' dir='ltr'><strong>publia</strong></span> <span class='ocrx_word' id='word_1_221' title='bbox 1698 1914 1754 1996; x_wconf 87' lang='grc' dir='ltr'><strong>μή,</strong></span> <span class='ocrx_word' id='word_1_222' title='bbox 1770 1916 1797 1974; x_wconf 78' lang='grc' dir='ltr'><strong>ἐν</strong></span> <span class='ocrx_word' id='word_1_223' title='bbox 1811 1906 1853 1984; x_wconf 77' lang='grc' dir='ltr'><strong>οἷς</strong></span> <span class='ocrx_word' id='word_1_224' title='bbox 1935 1914 1936 1939; x_wconf 66' lang='lat'>³</span> 
     </span>
     <span class='ocr_line' id='line_1_17' title="bbox 249 1994 1936 2089; baseline 0.002 -24"><span class='ocrx_word' id='word_1_225' title='bbox 249 1994 367 2085; x_wconf 80' lang='lat' dir='ltr'><strong>(addere</strong></span> <span class='ocrx_word' id='word_1_226' title='bbox 382 2006 506 2066; x_wconf 88' lang='lat' dir='ltr'><strong>debebat</strong></span> <span class='ocrx_word' id='word_1_227' title='bbox 519 2006 576 2086; x_wconf 83' lang='grc' dir='ltr'>καὶ)</span> <span class='ocrx_word' id='word_1_228' title='bbox 590 2008 652 2087; x_wconf 84' lang='grc' dir='ltr'>πιρί</span> <span class='ocrx_word' id='word_1_229' title='bbox 665 2012 712 2066; x_wconf 77' lang='grc' dir='ltr'><strong>τοῦ</strong></span> <span class='ocrx_word' id='word_1_230' title='bbox 726 2008 897 2085; x_wconf 80' lang='grc' dir='ltr'>Πτολεμαίου</span> <span class='ocrx_word' id='word_1_231' title='bbox 908 2007 953 2066; x_wconf 85' lang='grc' dir='ltr'><strong>καί</strong></span> <span class='ocrx_word' id='word_1_232' title='bbox 967 2007 1112 2089; x_wconf 77' lang='grc' dir='ltr'>Ἀρσινόης.</span> <span class='ocrx_word' id='word_1_233' title='bbox 1125 2011 1260 2088; x_wconf 87' lang='lat' dir='ltr'><strong>Denique</strong></span> <span class='ocrx_word' id='word_1_234' title='bbox 1272 2012 1308 2069; x_wconf 89' lang='lat' dir='ltr'><strong>ad</strong></span> <span class='ocrx_word' id='word_1_235' title='bbox 1322 2011 1378 2069; x_wconf 90' lang='lat' dir='ltr'><strong>hoc</strong></span> <span class='ocrx_word' id='word_1_236' title='bbox 1390 2029 1507 2089; x_wconf 87' lang='lat' dir='ltr'><strong>quoque</strong></span> <span class='ocrx_word' id='word_1_237' title='bbox 1521 2009 1649 2068; x_wconf 88' lang='lat' dir='ltr'><strong>attendas</strong></span> <span class='ocrx_word' id='word_1_238' title='bbox 1663 2009 1741 2087; x_wconf 88' lang='lat' dir='ltr'><strong>quod</strong></span> <span class='ocrx_word' id='word_1_239' title='bbox 1756 2029 1854 2069; x_wconf 84' lang='lat' dir='ltr'><strong>anno·</strong></span> <span class='ocrx_word' id='word_1_240' title='bbox 1935 2008 1936 2081; x_wconf 60' lang='grc' dir='ltr'>ί</span> 
     </span>
     <span class='ocr_line' id='line_1_18' title="bbox 247 2103 1855 2183; baseline 0.003 -21"><span class='ocrx_word' id='word_1_241' title='bbox 247 2118 323 2162; x_wconf 88' lang='lat' dir='ltr'><strong>tator</strong></span> <span class='ocrx_word' id='word_1_242' title='bbox 338 2116 436 2162; x_wconf 88' lang='lat' dir='ltr'><strong>noster</strong></span> <span class='ocrx_word' id='word_1_243' title='bbox 451 2104 482 2161; x_wconf 90' lang='lat' dir='ltr'><strong>in</strong></span> <span class='ocrx_word' id='word_1_244' title='bbox 495 2104 629 2163; x_wconf 89' lang='lat' dir='ltr'><strong>lemmate</strong></span> <span class='ocrx_word' id='word_1_245' title='bbox 643 2103 815 2164; x_wconf 86' lang='lat' dir='ltr'><strong>Philostrati</strong></span> <span class='ocrx_word' id='word_1_246' title='bbox 829 2106 895 2164; x_wconf 92' lang='lat' dir='ltr'><strong>loco</strong></span> <span class='ocrx_word' id='word_1_247' title='bbox 907 2105 1055 2183; x_wconf 92' lang='lat' dir='ltr'><strong>adscripto</strong></span> <span class='ocrx_word' id='word_1_248' title='bbox 1067 2126 1174 2164; x_wconf 88' lang='lat' dir='ltr'><strong>nomen</strong></span> <span class='ocrx_word' id='word_1_249' title='bbox 1186 2109 1315 2166; x_wconf 89' lang='lat' dir='ltr'><strong>auctoris</strong></span> <span class='ocrx_word' id='word_1_250' title='bbox 1329 2127 1388 2166; x_wconf 90' lang='lat' dir='ltr'><strong>non</strong></span> <span class='ocrx_word' id='word_1_251' title='bbox 1401 2107 1561 2173; x_wconf 86' lang='lat' dir='ltr'><strong>indicarit,</strong></span> <span class='ocrx_word' id='word_1_252' title='bbox 1573 2125 1667 2183; x_wconf 90' lang='lat' dir='ltr'><strong>neque</strong></span> <span class='ocrx_word' id='word_1_253' title='bbox 1677 2105 1716 2164; x_wconf 88' lang='lat' dir='ltr'><strong>de</strong></span> <span class='ocrx_word' id='word_1_254' title='bbox 1729 2126 1764 2165; x_wconf 93' lang='lat' dir='ltr'><strong>eo</strong></span> <span class='ocrx_word' id='word_1_255' title='bbox 1780 2108 1855 2167; x_wconf 88' lang='lat' dir='ltr'><strong>edo-</strong></span> 
     </span>
     <span class='ocr_line' id='line_1_19' title="bbox 248 2199 1856 2282; baseline 0.002 -22"><span class='ocrx_word' id='word_1_256' title='bbox 248 2202 308 2260; x_wconf 84' lang='lat' dir='ltr'><strong>ceri</strong></span> <span class='ocrx_word' id='word_1_257' title='bbox 322 2213 437 2278; x_wconf 91' lang='lat' dir='ltr'><strong>poterat</strong></span> <span class='ocrx_word' id='word_1_258' title='bbox 450 2219 487 2259; x_wconf 82' lang='lat' dir='ltr'><strong>ex</strong></span> <span class='ocrx_word' id='word_1_259' title='bbox 499 2202 588 2259; x_wconf 91' lang='lat' dir='ltr'><strong>unico</strong></span> <span class='ocrx_word' id='word_1_260' title='bbox 602 2201 655 2259; x_wconf 92' lang='lat' dir='ltr'><strong>illo</strong></span> <span class='ocrx_word' id='word_1_261' title='bbox 670 2203 879 2279; x_wconf 88' lang='lat' dir='ltr'><strong>quaternione,</strong></span> <span class='ocrx_word' id='word_1_262' title='bbox 895 2221 981 2279; x_wconf 88' lang='lat' dir='ltr'><strong>quem</strong></span> <span class='ocrx_word' id='word_1_263' title='bbox 996 2199 1035 2259; x_wconf 94' lang='lat' dir='ltr'><strong>ob</strong></span> <span class='ocrx_word' id='word_1_264' title='bbox 1051 2203 1154 2261; x_wconf 91' lang='lat' dir='ltr'><strong>oculos</strong></span> <span class='ocrx_word' id='word_1_265' title='bbox 1174 2202 1317 2272; x_wconf 89' lang='lat' dir='ltr'><strong>habebat,</strong></span> <span class='ocrx_word' id='word_1_266' title='bbox 1332 2204 1471 2282; x_wconf 87' lang='lat' dir='ltr'><strong>quoniam</strong></span> <span class='ocrx_word' id='word_1_267' title='bbox 1485 2203 1605 2261; x_wconf 91' lang='lat' dir='ltr'><strong>initium</strong></span> <span class='ocrx_word' id='word_1_268' title='bbox 1627 2204 1726 2281; x_wconf 90' lang='lat' dir='ltr'><strong>operis</strong></span> <span class='ocrx_word' id='word_1_269' title='bbox 1748 2203 1856 2263; x_wconf 90' lang='lat' dir='ltr'><strong>Philo-</strong></span> 
     </span>
     <span class='ocr_line' id='line_1_20' title="bbox 246 2296 1936 2379; baseline 0.002 -22"><span class='ocrx_word' id='word_1_270' title='bbox 246 2297 346 2357; x_wconf 90' lang='lat' dir='ltr'><strong>stratei</strong></span> <span class='ocrx_word' id='word_1_271' title='bbox 368 2310 446 2357; x_wconf 89' lang='lat' dir='ltr'><strong>caret</strong></span> <span class='ocrx_word' id='word_1_272' title='bbox 466 2298 567 2369; x_wconf 90' lang='lat' dir='ltr'><strong>titulo,</strong></span> <span class='ocrx_word' id='word_1_273' title='bbox 584 2297 636 2375; x_wconf 89' lang='lat' dir='ltr'><strong>qui</strong></span> <span class='ocrx_word' id='word_1_274' title='bbox 654 2318 709 2375; x_wconf 92' lang='lat' dir='ltr'><strong>pro</strong></span> <span class='ocrx_word' id='word_1_275' title='bbox 732 2318 813 2357; x_wconf 89' lang='lat' dir='ltr'><strong>more</strong></span> <span class='ocrx_word' id='word_1_276' title='bbox 832 2312 931 2357; x_wconf 80' lang='lat' dir='ltr'><strong>vetere</strong></span> <span class='ocrx_word' id='word_1_277' title='bbox 954 2296 1010 2356; x_wconf 92' lang='lat' dir='ltr'><strong>sub</strong></span> <span class='ocrx_word' id='word_1_278' title='bbox 1026 2298 1112 2357; x_wconf 88' lang='lat' dir='ltr'><strong>finem</strong></span> <span class='ocrx_word' id='word_1_279' title='bbox 1140 2300 1268 2378; x_wconf 88' lang='lat' dir='ltr'><strong>scriptus</strong></span> <span class='ocrx_word' id='word_1_280' title='bbox 1291 2301 1389 2359; x_wconf 88' lang='lat' dir='ltr'><strong>suerit.</strong></span> <span class='ocrx_word' id='word_1_281' title='bbox 1413 2298 1522 2358; x_wconf 84' lang='lat' dir='ltr'><strong>Eodem</strong></span> <span class='ocrx_word' id='word_1_282' title='bbox 1538 2312 1633 2358; x_wconf 88' lang='lat' dir='ltr'><strong>autem</strong></span> <span class='ocrx_word' id='word_1_283' title='bbox 1656 2299 1745 2358; x_wconf 91' lang='lat' dir='ltr'><strong>modo</strong></span> <span class='ocrx_word' id='word_1_284' title='bbox 1760 2321 1854 2379; x_wconf 71' lang='grc' dir='ltr'>ουυοι</span> <span class='ocrx_word' id='word_1_285' title='bbox 1935 2316 1936 2351; x_wconf 56' lang='grc' dir='ltr'>ὲ</span> 
     </span>
     <span class='ocr_line' id='line_1_21' title="bbox 247 2393 1852 2475; baseline 0.002 -21"><span class='ocrx_word' id='word_1_286' title='bbox 247 2394 378 2454; x_wconf 85' lang='lat' dir='ltr'><strong>historici</strong></span> <span class='ocrx_word' id='word_1_287' title='bbox 401 2414 519 2473; x_wconf 90' lang='lat' dir='ltr'><strong>quoque</strong></span> <span class='ocrx_word' id='word_1_288' title='bbox 539 2413 645 2452; x_wconf 78' lang='lat' dir='ltr'><strong>nonren</strong></span> <span class='ocrx_word' id='word_1_289' title='bbox 670 2395 701 2453; x_wconf 92' lang='lat' dir='ltr'><strong>in</strong></span> <span class='ocrx_word' id='word_1_290' title='bbox 719 2395 778 2453; x_wconf 91' lang='lat' dir='ltr'><strong>fine</strong></span> <span class='ocrx_word' id='word_1_291' title='bbox 799 2395 914 2453; x_wconf 91' lang='lat' dir='ltr'><strong>demum</strong></span> <span class='ocrx_word' id='word_1_292' title='bbox 939 2394 1038 2472; x_wconf 86' lang='lat' dir='ltr'><strong>operis</strong></span> <span class='ocrx_word' id='word_1_293' title='bbox 1052 2394 1160 2472; x_wconf 81' lang='lat' dir='ltr'><strong>integri</strong></span> <span class='ocrx_word' id='word_1_294' title='bbox 1177 2409 1307 2455; x_wconf 86' lang='lat' dir='ltr'><strong>notatum</strong></span> <span class='ocrx_word' id='word_1_295' title='bbox 1329 2397 1416 2455; x_wconf 87' lang='lat' dir='ltr'><strong>luisse</strong></span> <span class='ocrx_word' id='word_1_296' title='bbox 1430 2393 1583 2475; x_wconf 86' lang='lat' dir='ltr'><strong>probabile</strong></span> <span class='ocrx_word' id='word_1_297' title='bbox 1597 2396 1652 2470; x_wconf 90' lang='lat' dir='ltr'><strong>sit,</strong></span> <span class='ocrx_word' id='word_1_298' title='bbox 1671 2397 1852 2458; x_wconf 87' lang='lat' dir='ltr'><strong>Aristodemi</strong></span> 
     </span>
     <span class='ocr_line' id='line_1_22' title="bbox 246 2490 1855 2570; baseline 0.001 -17"><span class='ocrx_word' id='word_1_299' title='bbox 246 2512 369 2566; x_wconf 90' lang='lat' dir='ltr'><strong>nomeu,</strong></span> <span class='ocrx_word' id='word_1_300' title='bbox 384 2493 410 2551; x_wconf 93' lang='lat' dir='ltr'><strong>si</strong></span> <span class='ocrx_word' id='word_1_301' title='bbox 425 2492 542 2570; x_wconf 90' lang='lat' dir='ltr'><strong>quidem</strong></span> <span class='ocrx_word' id='word_1_302' title='bbox 558 2490 633 2549; x_wconf 91' lang='lat' dir='ltr'><strong>illud</strong></span> <span class='ocrx_word' id='word_1_303' title='bbox 648 2490 783 2549; x_wconf 87' lang='lat' dir='ltr'><strong>historici</strong></span> <span class='ocrx_word' id='word_1_304' title='bbox 798 2503 856 2564; x_wconf 90' lang='lat' dir='ltr'><strong>est,</strong></span> <span class='ocrx_word' id='word_1_305' title='bbox 872 2510 931 2550; x_wconf 91' lang='lat' dir='ltr'><strong>non</strong></span> <span class='ocrx_word' id='word_1_306' title='bbox 945 2510 982 2548; x_wconf 84' lang='lat' dir='ltr'><strong>ex</strong></span> <span class='ocrx_word' id='word_1_307' title='bbox 994 2491 1067 2567; x_wconf 90' lang='lat' dir='ltr'><strong>ipsis</strong></span> <span class='ocrx_word' id='word_1_308' title='bbox 1081 2492 1156 2563; x_wconf 92' lang='lat' dir='ltr'><strong>illis,</strong></span> <span class='ocrx_word' id='word_1_309' title='bbox 1172 2514 1237 2570; x_wconf 88' lang='lat' dir='ltr'><strong>quae</strong></span> <span class='ocrx_word' id='word_1_310' title='bbox 1252 2497 1366 2552; x_wconf 88' lang='lat' dir='ltr'><strong>tenebat</strong></span> <span class='ocrx_word' id='word_1_311' title='bbox 1377 2492 1544 2562; x_wconf 82' lang='lat' dir='ltr'><strong>scholiasta,</strong></span> <span class='ocrx_word' id='word_1_312' title='bbox 1562 2491 1640 2551; x_wconf 88' lang='lat' dir='ltr'><strong>foliis</strong></span> <span class='ocrx_word' id='word_1_313' title='bbox 1651 2537 1660 2565; x_wconf 88' lang='lat'><strong>,</strong></span> <span class='ocrx_word' id='word_1_314' title='bbox 1672 2493 1723 2551; x_wconf 90' lang='lat' dir='ltr'><strong>sed</strong></span> <span class='ocrx_word' id='word_1_315' title='bbox 1733 2493 1855 2554; x_wconf 88' lang='lat' dir='ltr'><strong>aliunde</strong></span> 
     </span>
     <span class='ocr_line' id='line_1_23' title="bbox 247 2586 1936 2668; baseline 0.002 -20"><span class='ocrx_word' id='word_1_316' title='bbox 247 2590 280 2648; x_wconf 91' lang='lat' dir='ltr'><strong>in</strong></span> <span class='ocrx_word' id='word_1_317' title='bbox 293 2590 427 2648; x_wconf 87' lang='lat' dir='ltr'><strong>notitiam</strong></span> <span class='ocrx_word' id='word_1_318' title='bbox 439 2587 504 2665; x_wconf 82' lang='lat' dir='ltr'><strong>ejus</strong></span> <span class='ocrx_word' id='word_1_319' title='bbox 518 2588 635 2646; x_wconf 85' lang='lat' dir='ltr'><strong>venisse</strong></span> <span class='ocrx_word' id='word_1_320' title='bbox 648 2586 831 2647; x_wconf 89' lang='lat' dir='ltr'><strong>statuendum</strong></span> <span class='ocrx_word' id='word_1_321' title='bbox 852 2588 936 2646; x_wconf 86' lang='lat' dir='ltr'><strong>soret.</strong></span> <span class='ocrx_word' id='word_1_322' title='bbox 950 2586 1018 2643; x_wconf 84' lang='lat' dir='ltr'><strong>llaec</strong></span> <span class='ocrx_word' id='word_1_323' title='bbox 1032 2606 1121 2663; x_wconf 90' lang='lat' dir='ltr'><strong>quum</strong></span> <span class='ocrx_word' id='word_1_324' title='bbox 1140 2589 1182 2647; x_wconf 89' lang='lat' dir='ltr'><strong>ita</strong></span> <span class='ocrx_word' id='word_1_325' title='bbox 1198 2588 1339 2666; x_wconf 88' lang='lat' dir='ltr'><strong>habeant,</strong></span> <span class='ocrx_word' id='word_1_326' title='bbox 1354 2590 1476 2648; x_wconf 91' lang='lat' dir='ltr'><strong>multum</strong></span> <span class='ocrx_word' id='word_1_327' title='bbox 1492 2601 1570 2648; x_wconf 88' lang='lat' dir='ltr'><strong>certe</strong></span> <span class='ocrx_word' id='word_1_328' title='bbox 1589 2587 1671 2648; x_wconf 89' lang='lat' dir='ltr'><strong>abest</strong></span> <span class='ocrx_word' id='word_1_329' title='bbox 1684 2602 1717 2648; x_wconf 90' lang='lat' dir='ltr'><strong>ut</strong></span> <span class='ocrx_word' id='word_1_330' title='bbox 1732 2610 1798 2668; x_wconf 82' lang='lat' dir='ltr'><strong>quae</strong></span> <span class='ocrx_word' id='word_1_331' title='bbox 1814 2591 1853 2651; x_wconf 88' lang='lat' dir='ltr'><strong>de</strong></span> <span class='ocrx_word' id='word_1_332' title='bbox 1935 2586 1936 2631; x_wconf 68' lang='grc' dir='ltr'>ί</span> 
     </span>
     <span class='ocr_line' id='line_1_24' title="bbox 168 2684 1846 2767; baseline -0.001 -22"><span class='ocrx_word' id='word_1_333' title='bbox 168 2694 176 2711; x_wconf 86' lang='grc'><strong>’</strong></span> <span class='ocrx_word' id='word_1_334' title='bbox 247 2686 432 2746; x_wconf 83' lang='lat' dir='ltr'><strong>Aristodemo</strong></span> <span class='ocrx_word' id='word_1_335' title='bbox 441 2686 583 2746; x_wconf 88' lang='lat' dir='ltr'><strong>historico</strong></span> <span class='ocrx_word' id='word_1_336' title='bbox 598 2699 735 2762; x_wconf 87' lang='lat' dir='ltr'><strong>tanquam</strong></span> <span class='ocrx_word' id='word_1_337' title='bbox 748 2685 901 2761; x_wconf 81' lang='lat' dir='ltr'><strong>fragmenti</strong></span> <span class='ocrx_word' id='word_1_338' title='bbox 925 2684 1018 2743; x_wconf 87' lang='lat' dir='ltr'><strong>nostri</strong></span> <span class='ocrx_word' id='word_1_339' title='bbox 1038 2694 1155 2743; x_wconf 76' lang='lat' dir='ltr'><strong>auctore</strong></span> <span class='ocrx_word' id='word_1_340' title='bbox 1168 2686 1312 2758; x_wconf 80' lang='lat' dir='ltr'><strong>teruntur,</strong></span> <span class='ocrx_word' id='word_1_341' title='bbox 1327 2706 1382 2767; x_wconf 91' lang='lat' dir='ltr'><strong>pro</strong></span> <span class='ocrx_word' id='word_1_342' title='bbox 1396 2686 1483 2744; x_wconf 86' lang='lat' dir='ltr'><strong>certis</strong></span> <span class='ocrx_word' id='word_1_343' title='bbox 1497 2698 1526 2744; x_wconf 89' lang='lat' dir='ltr'><strong>et</strong></span> <span class='ocrx_word' id='word_1_344' title='bbox 1539 2686 1699 2764; x_wconf 81' lang='lat' dir='ltr'><strong>exploratis</strong></span> <span class='ocrx_word' id='word_1_345' title='bbox 1720 2685 1846 2744; x_wconf 84' lang='lat' dir='ltr'><strong>rendere</strong></span> 
     </span>
    </p>
   </div>
   <div class='ocr_carea' id='block_1_3' title="bbox 246 2784 1227 2989">
    <p class='ocr_par' dir='ltr' id='par_1_3' title="bbox 246 2784 1227 2989">
     <span class='ocr_line' id='line_1_25' title="bbox 246 2784 353 2862; baseline -0.009 -18"><span class='ocrx_word' id='word_1_346' title='bbox 246 2784 353 2862; x_wconf 87' lang='lat' dir='ltr'><strong>possis.</strong></span> 
     </span>
     <span class='ocr_line' id='line_1_26' title="bbox 874 2939 1227 2989; baseline 0 -1"><span class='ocrx_word' id='word_1_347' title='bbox 874 2940 1034 2989; x_wconf 68' lang='lat' dir='ltr'><strong>excultare</strong></span> <span class='ocrx_word' id='word_1_348' title='bbox 1049 2939 1227 2989; x_wconf 75' lang='lat' dir='ltr'><strong>fflsroalos.</strong></span> 
     </span>
    </p>
   </div>
   <div class='ocr_carea' id='block_1_4' title="bbox 241 3086 1936 5297">
    <p class='ocr_par' dir='ltr' id='par_1_4' title="bbox 241 3086 1936 4234">
     <span class='ocr_line' id='line_1_27' title="bbox 287 3086 1851 3169; baseline -0.002 -19"><span class='ocrx_word' id='word_1_349' title='bbox 287 3092 457 3169; x_wconf 86' lang='lat' dir='ltr'><strong>Sequuntur</strong></span> <span class='ocrx_word' id='word_1_350' title='bbox 470 3108 507 3148; x_wconf 87' lang='lat' dir='ltr'><strong>ex</strong></span> <span class='ocrx_word' id='word_1_351' title='bbox 519 3090 576 3148; x_wconf 89' lang='lat' dir='ltr'><strong>alio</strong></span> <span class='ocrx_word' id='word_1_352' title='bbox 592 3089 692 3148; x_wconf 87' lang='lat' dir='ltr'><strong>codice</strong></span> <span class='ocrx_word' id='word_1_353' title='bbox 707 3088 766 3146; x_wconf 89' lang='lat' dir='ltr'><strong>duo</strong></span> <span class='ocrx_word' id='word_1_354' title='bbox 780 3088 988 3166; x_wconf 89' lang='lat' dir='ltr'><strong>quaterniones</strong></span> <span class='ocrx_word' id='word_1_355' title='bbox 1001 3088 1108 3163; x_wconf 80' lang='lat' dir='ltr'><strong>integri</strong></span> <span class='ocrx_word' id='word_1_356' title='bbox 1123 3086 1185 3164; x_wconf 78' lang='lat' dir='ltr'><strong>(tot.</strong></span> <span class='ocrx_word' id='word_1_357' title='bbox 1209 3088 1338 3164; x_wconf 79' lang='lat' dir='ltr'><strong>ott-103)</strong></span> <span class='ocrx_word' id='word_1_358' title='bbox 1356 3098 1385 3144; x_wconf 92' lang='lat' dir='ltr'><strong>et</strong></span> <span class='ocrx_word' id='word_1_359' title='bbox 1398 3086 1478 3145; x_wconf 89' lang='lat' dir='ltr'><strong>tertii</strong></span> <span class='ocrx_word' id='word_1_360' title='bbox 1494 3086 1693 3163; x_wconf 87' lang='lat' dir='ltr'><strong>quaternionis</strong></span> <span class='ocrx_word' id='word_1_361' title='bbox 1707 3086 1777 3145; x_wconf 85' lang='lat' dir='ltr'><strong>tolia</strong></span> <span class='ocrx_word' id='word_1_362' title='bbox 1790 3086 1851 3147; x_wconf 89' lang='lat' dir='ltr'><strong>duo</strong></span> 
     </span>
     <span class='ocr_line' id='line_1_28' title="bbox 245 3181 1847 3266; baseline -0.003 -20"><span class='ocrx_word' id='word_1_363' title='bbox 245 3187 294 3266; x_wconf 82' lang='lat' dir='ltr'><strong>(sd</strong></span> <span class='ocrx_word' id='word_1_364' title='bbox 308 3199 338 3245; x_wconf 90' lang='lat' dir='ltr'><strong>et</strong></span> <span class='ocrx_word' id='word_1_365' title='bbox 354 3190 416 3262; x_wconf 74' lang='grc' dir='ltr'>ιη),</span> <span class='ocrx_word' id='word_1_366' title='bbox 433 3205 497 3263; x_wconf 86' lang='lat' dir='ltr'><strong>quae</strong></span> <span class='ocrx_word' id='word_1_367' title='bbox 513 3204 607 3261; x_wconf 89' lang='lat' dir='ltr'><strong>neque</strong></span> <span class='ocrx_word' id='word_1_368' title='bbox 629 3185 701 3243; x_wconf 83' lang='lat' dir='ltr'><strong>solio</strong></span> <span class='ocrx_word' id='word_1_369' title='bbox 724 3185 779 3241; x_wconf 83' lang='lat'><strong>103</strong></span> <span class='ocrx_word' id='word_1_370' title='bbox 806 3185 1014 3242; x_wconf 88' lang='lat' dir='ltr'><strong>continuantur</strong></span> <span class='ocrx_word' id='word_1_371' title='bbox 1034 3202 1129 3261; x_wconf 90' lang='lat' dir='ltr'><strong>neque</strong></span> <span class='ocrx_word' id='word_1_372' title='bbox 1152 3184 1230 3241; x_wconf 90' lang='lat' dir='ltr'><strong>inter</strong></span> <span class='ocrx_word' id='word_1_373' title='bbox 1248 3202 1309 3242; x_wconf 90' lang='lat' dir='ltr'><strong>sese</strong></span> <span class='ocrx_word' id='word_1_374' title='bbox 1333 3181 1490 3242; x_wconf 84' lang='lat' dir='ltr'><strong>cohaerent.</strong></span> <span class='ocrx_word' id='word_1_375' title='bbox 1512 3182 1607 3258; x_wconf 88' lang='lat' dir='ltr'><strong>igitur</strong></span> <span class='ocrx_word' id='word_1_376' title='bbox 1618 3182 1675 3239; x_wconf 92' lang='lat' dir='ltr'><strong>dno</strong></span> <span class='ocrx_word' id='word_1_377' title='bbox 1693 3182 1847 3241; x_wconf 89' lang='lat' dir='ltr'><strong>minimum</strong></span> 
     </span>
     <span class='ocr_line' id='line_1_29' title="bbox 248 3279 1850 3358; baseline -0.001 -17"><span class='ocrx_word' id='word_1_378' title='bbox 248 3282 318 3341; x_wconf 83' lang='lat' dir='ltr'><strong>folia</strong></span> <span class='ocrx_word' id='word_1_379' title='bbox 334 3282 556 3341; x_wconf 88' lang='lat' dir='ltr'><strong>interciderunt.</strong></span> <span class='ocrx_word' id='word_1_380' title='bbox 571 3279 606 3337; x_wconf 94' lang='lat' dir='ltr'><strong>ln</strong></span> <span class='ocrx_word' id='word_1_381' title='bbox 622 3299 735 3339; x_wconf 89' lang='lat' dir='ltr'><strong>summa</strong></span> <span class='ocrx_word' id='word_1_382' title='bbox 750 3281 858 3358; x_wconf 87' lang='lat' dir='ltr'><strong>pagina</strong></span> <span class='ocrx_word' id='word_1_383' title='bbox 877 3280 927 3338; x_wconf 86' lang='lat' dir='ltr'><strong>sol.</strong></span> <span class='ocrx_word' id='word_1_384' title='bbox 943 3281 981 3337; x_wconf 89' lang='lat'><strong>88</strong></span> <span class='ocrx_word' id='word_1_385' title='bbox 1000 3280 1071 3338; x_wconf 89' lang='lat' dir='ltr'><strong>olim</strong></span> <span class='ocrx_word' id='word_1_386' title='bbox 1086 3280 1198 3337; x_wconf 78' lang='lat' dir='ltr'><strong>exstitit</strong></span> <span class='ocrx_word' id='word_1_387' title='bbox 1211 3279 1366 3356; x_wconf 89' lang='lat' dir='ltr'><strong>inscriptio</strong></span> <span class='ocrx_word' id='word_1_388' title='bbox 1380 3298 1497 3338; x_wconf 82' lang='lat' dir='ltr'><strong>versum</strong></span> <span class='ocrx_word' id='word_1_389' title='bbox 1520 3280 1661 3357; x_wconf 82' lang='lat' dir='ltr'><strong>integrum</strong></span> <span class='ocrx_word' id='word_1_390' title='bbox 1683 3279 1803 3357; x_wconf 79' lang='lat' dir='ltr'><strong>explens</strong></span> <span class='ocrx_word' id='word_1_391' title='bbox 1819 3293 1850 3339; x_wconf 91' lang='lat' dir='ltr'><strong>et</strong></span> 
     </span>
     <span class='ocr_line' id='line_1_30' title="bbox 246 3372 1936 3458; baseline -0.002 -21"><span class='ocrx_word' id='word_1_392' title='bbox 246 3393 357 3458; x_wconf 88' lang='lat' dir='ltr'><strong>partem</strong></span> <span class='ocrx_word' id='word_1_393' title='bbox 383 3397 486 3437; x_wconf 84' lang='lat' dir='ltr'><strong>versus</strong></span> <span class='ocrx_word' id='word_1_394' title='bbox 509 3376 639 3438; x_wconf 89' lang='lat' dir='ltr'><strong>secundi.</strong></span> <span class='ocrx_word' id='word_1_395' title='bbox 666 3379 785 3434; x_wconf 80' lang='lat' dir='ltr'><strong>Servata</strong></span> <span class='ocrx_word' id='word_1_396' title='bbox 803 3389 871 3435; x_wconf 89' lang='lat' dir='ltr'><strong>sunt</strong></span> <span class='ocrx_word' id='word_1_397' title='bbox 884 3375 976 3434; x_wconf 84' lang='lat' dir='ltr'><strong>verba</strong></span> <span class='ocrx_word' id='word_1_398' title='bbox 989 3395 1092 3436; x_wconf 83' lang='lat' dir='ltr'><strong>versus</strong></span> <span class='ocrx_word' id='word_1_399' title='bbox 1114 3376 1235 3435; x_wconf 89' lang='lat' dir='ltr'><strong>secundi</strong></span> <span class='ocrx_word' id='word_1_400' title='bbox 1260 3395 1267 3433; x_wconf 81' lang='lat' dir='ltr'><strong>r</strong></span> <span class='ocrx_word' id='word_1_401' title='bbox 1291 3372 1420 3455; x_wconf 70' lang='grc' dir='ltr'>διαφόρων</span> <span class='ocrx_word' id='word_1_402' title='bbox 1442 3373 1561 3447; x_wconf 59' lang='lat' dir='ltr'><strong>adram</strong></span> <span class='ocrx_word' id='word_1_403' title='bbox 1575 3376 1606 3433; x_wconf 91' lang='lat' dir='ltr'><strong>in</strong></span> <span class='ocrx_word' id='word_1_404' title='bbox 1629 3375 1722 3454; x_wconf 89' lang='lat' dir='ltr'><strong>priori</strong></span> <span class='ocrx_word' id='word_1_405' title='bbox 1744 3377 1852 3453; x_wconf 79' lang='lat' dir='ltr'><strong>primae</strong></span> <span class='ocrx_word' id='word_1_406' title='bbox 1935 3388 1936 3457; x_wconf 67' lang='lat' dir='ltr'><strong>t</strong></span> 
     </span>
     <span class='ocr_line' id='line_1_31' title="bbox 246 3466 1936 3552; baseline -0.002 -17"><span class='ocrx_word' id='word_1_407' title='bbox 246 3476 339 3535; x_wconf 83' lang='lat' dir='ltr'><strong>literae</strong></span> <span class='ocrx_word' id='word_1_408' title='bbox 353 3476 441 3534; x_wconf 85' lang='lat' dir='ltr'><strong>fuisse</strong></span> <span class='ocrx_word' id='word_1_409' title='bbox 458 3471 596 3533; x_wconf 88' lang='lat' dir='ltr'><strong>videntur</strong></span> <span class='ocrx_word' id='word_1_410' title='bbox 606 3496 654 3552; x_wconf 84' lang='grc' dir='ltr'><strong>ςρ,</strong></span> <span class='ocrx_word' id='word_1_411' title='bbox 671 3473 806 3550; x_wconf 86' lang='lat' dir='ltr'><strong>quamvis</strong></span> <span class='ocrx_word' id='word_1_412' title='bbox 821 3491 879 3531; x_wconf 84' lang='lat' dir='ltr'><strong>una</strong></span> <span class='ocrx_word' id='word_1_413' title='bbox 894 3497 908 3552; x_wconf 90' lang='grc' dir='ltr'>ρ</span> <span class='ocrx_word' id='word_1_414' title='bbox 923 3474 1008 3531; x_wconf 88' lang='lat' dir='ltr'><strong>litera</strong></span> <span class='ocrx_word' id='word_1_415' title='bbox 1025 3473 1155 3551; x_wconf 89' lang='lat' dir='ltr'><strong>supersit</strong></span> <span class='ocrx_word' id='word_1_416' title='bbox 1169 3474 1294 3547; x_wconf 86' lang='lat' dir='ltr'><strong>integra.</strong></span> <span class='ocrx_word' id='word_1_417' title='bbox 1311 3469 1465 3545; x_wconf 90' lang='lat' dir='ltr'><strong>Quomodo</strong></span> <span class='ocrx_word' id='word_1_418' title='bbox 1483 3470 1670 3546; x_wconf 85' lang='lat' dir='ltr'><strong>refingendus</strong></span> <span class='ocrx_word' id='word_1_419' title='bbox 1688 3470 1726 3530; x_wconf 92' lang='lat' dir='ltr'><strong>sit</strong></span> <span class='ocrx_word' id='word_1_420' title='bbox 1746 3471 1852 3532; x_wconf 89' lang='lat' dir='ltr'><strong>titulus</strong></span> <span class='ocrx_word' id='word_1_421' title='bbox 1935 3466 1936 3471; x_wconf 9' lang='grc' dir='ltr'>ί</span> 
     </span>
     <span class='ocr_line' id='line_1_32' title="bbox 244 3565 1850 3649; baseline -0.002 -19"><span class='ocrx_word' id='word_1_422' title='bbox 244 3572 323 3632; x_wconf 90' lang='lat' dir='ltr'><strong>haud</strong></span> <span class='ocrx_word' id='word_1_423' title='bbox 337 3572 440 3649; x_wconf 90' lang='lat' dir='ltr'><strong>liquet.</strong></span> <span class='ocrx_word' id='word_1_424' title='bbox 456 3572 500 3628; x_wconf 87' lang='lat' dir='ltr'><strong>De</strong></span> <span class='ocrx_word' id='word_1_425' title='bbox 511 3569 682 3646; x_wconf 83' lang='lat' dir='ltr'><strong>conjectura</strong></span> <span class='ocrx_word' id='word_1_426' title='bbox 695 3569 823 3627; x_wconf 88' lang='lat' dir='ltr'><strong>scribere</strong></span> <span class='ocrx_word' id='word_1_427' title='bbox 834 3569 903 3627; x_wconf 90' lang='lat' dir='ltr'><strong>licet</strong></span> <span class='ocrx_word' id='word_1_428' title='bbox 915 3568 946 3626; x_wconf 88' lang='lat' dir='ltr'><strong>in</strong></span> <span class='ocrx_word' id='word_1_429' title='bbox 962 3568 1036 3626; x_wconf 87' lang='lat' dir='ltr'><strong>hanc</strong></span> <span class='ocrx_word' id='word_1_430' title='bbox 1050 3568 1110 3626; x_wconf 86' lang='lat' dir='ltr'><strong>lere</strong></span> <span class='ocrx_word' id='word_1_431' title='bbox 1126 3569 1297 3627; x_wconf 89' lang='lat' dir='ltr'><strong>sententiam</strong></span> <span class='ocrx_word' id='word_1_432' title='bbox 1316 3588 1323 3623; x_wconf 75' lang='grc' dir='ltr'><strong>ι</strong></span> <span class='ocrx_word' id='word_1_433' title='bbox 1339 3565 1520 3646; x_wconf 82' lang='grc' dir='ltr'>Στρατηγικαί</span> <span class='ocrx_word' id='word_1_434' title='bbox 1537 3565 1696 3646; x_wconf 70' lang='grc' dir='ltr'>παρατάξας</span> <span class='ocrx_word' id='word_1_435' title='bbox 1706 3567 1751 3626; x_wconf 85' lang='grc' dir='ltr'><strong>καλ</strong></span> <span class='ocrx_word' id='word_1_436' title='bbox 1765 3589 1850 3646; x_wconf 87' lang='grc' dir='ltr'>στρα-</span> 
     </span>
     <span class='ocr_line' id='line_1_33' title="bbox 246 3663 1936 3749; baseline -0.001 -23"><span class='ocrx_word' id='word_1_437' title='bbox 246 3667 390 3749; x_wconf 77' lang='grc' dir='ltr'>τηγήματα</span> <span class='ocrx_word' id='word_1_438' title='bbox 411 3666 458 3728; x_wconf 83' lang='grc' dir='ltr'><strong>καί</strong></span> <span class='ocrx_word' id='word_1_439' title='bbox 475 3665 623 3747; x_wconf 82' lang='grc' dir='ltr'>πολιορκίαι</span> <span class='ocrx_word' id='word_1_440' title='bbox 637 3665 766 3747; x_wconf 83' lang='grc' dir='ltr'>διαρίριον</span> <span class='ocrx_word' id='word_1_441' title='bbox 788 3664 901 3727; x_wconf 83' lang='grc' dir='ltr'>πολεων.</span> <span class='ocrx_word' id='word_1_442' title='bbox 922 3666 994 3725; x_wconf 84' lang='lat' dir='ltr'><strong>Cum</strong></span> <span class='ocrx_word' id='word_1_443' title='bbox 1013 3667 1060 3727; x_wconf 91' lang='lat' dir='ltr'><strong>his</strong></span> <span class='ocrx_word' id='word_1_444' title='bbox 1078 3668 1257 3726; x_wconf 74' lang='lat' dir='ltr'><strong>conferrier</strong></span> <span class='ocrx_word' id='word_1_445' title='bbox 1278 3677 1360 3744; x_wconf 92' lang='lat' dir='ltr'><strong>parte</strong></span> <span class='ocrx_word' id='word_1_446' title='bbox 1379 3677 1474 3744; x_wconf 88' lang='lat' dir='ltr'><strong>potest</strong></span> <span class='ocrx_word' id='word_1_447' title='bbox 1494 3663 1619 3722; x_wconf 84' lang='lat' dir='ltr'><strong>titulus:</strong></span> <span class='ocrx_word' id='word_1_448' title='bbox 1637 3663 1854 3745; x_wconf 77' lang='grc' dir='ltr'>Παρεκὸολαὶέκ</span> <span class='ocrx_word' id='word_1_449' title='bbox 1935 3718 1936 3735; x_wconf 63' lang='lat'><strong>,</strong></span> 
     </span>
     <span class='ocr_line' id='line_1_34' title="bbox 247 3759 1851 3850; baseline -0.005 -22"><span class='ocrx_word' id='word_1_450' title='bbox 247 3768 494 3850; x_wconf 73' lang='grc' dir='ltr'>τῶν-στρατηγικῶν</span> <span class='ocrx_word' id='word_1_451' title='bbox 508 3764 696 3846; x_wconf 67' lang='lat' dir='ltr'><strong>asperaliter,</strong></span> <span class='ocrx_word' id='word_1_452' title='bbox 712 3765 764 3844; x_wconf 90' lang='lat' dir='ltr'><strong>qui</strong></span> <span class='ocrx_word' id='word_1_453' title='bbox 779 3763 858 3823; x_wconf 88' lang='lat' dir='ltr'><strong>libro</strong></span> <span class='ocrx_word' id='word_1_454' title='bbox 874 3784 891 3823; x_wconf 89' lang='lat' dir='ltr'><strong>e</strong></span> <span class='ocrx_word' id='word_1_455' title='bbox 910 3764 1044 3841; x_wconf 80' lang='lat' dir='ltr'><strong>Polyaeni</strong></span> <span class='ocrx_word' id='word_1_456' title='bbox 1065 3767 1192 3824; x_wconf 83' lang='lat' dir='ltr'><strong>maxime</strong></span> <span class='ocrx_word' id='word_1_457' title='bbox 1213 3762 1429 3838; x_wconf 75' lang='lat' dir='ltr'><strong>strategematis</strong></span> <span class='ocrx_word' id='word_1_458' title='bbox 1449 3760 1572 3819; x_wconf 84' lang='lat' dir='ltr'><strong>collecto</strong></span> <span class='ocrx_word' id='word_1_459' title='bbox 1593 3773 1621 3818; x_wconf 87' lang='lat' dir='ltr'><strong>et</strong></span> <span class='ocrx_word' id='word_1_460' title='bbox 1642 3764 1673 3818; x_wconf 92' lang='lat' dir='ltr'><strong>in</strong></span> <span class='ocrx_word' id='word_1_461' title='bbox 1696 3759 1851 3821; x_wconf 86' lang='lat' dir='ltr'><strong>codicibus</strong></span> 
     </span>
     <span class='ocr_line' id='line_1_35' title="bbox 246 3854 1936 3940; baseline -0.007 -15"><span class='ocrx_word' id='word_1_462' title='bbox 246 3865 398 3925; x_wconf 87' lang='lat' dir='ltr'><strong>nonnullis</strong></span> <span class='ocrx_word' id='word_1_463' title='bbox 419 3862 530 3922; x_wconf 88' lang='lat' dir='ltr'><strong>lleroni</strong></span> <span class='ocrx_word' id='word_1_464' title='bbox 551 3863 693 3940; x_wconf 86' lang='lat' dir='ltr'><strong>Byzantio</strong></span> <span class='ocrx_word' id='word_1_465' title='bbox 716 3881 782 3921; x_wconf 88' lang='lat' dir='ltr'><strong>saec.</strong></span> <span class='ocrx_word' id='word_1_466' title='bbox 796 3860 821 3919; x_wconf 85' lang='lat' dir='ltr'>X</span> <span class='ocrx_word' id='word_1_467' title='bbox 835 3861 974 3940; x_wconf 91' lang='lat' dir='ltr'><strong>scriptori</strong></span> <span class='ocrx_word' id='word_1_468' title='bbox 997 3861 1138 3920; x_wconf 88' lang='lat' dir='ltr'><strong>attributo</strong></span> <span class='ocrx_word' id='word_1_469' title='bbox 1160 3860 1324 3940; x_wconf 70' lang='lat' dir='ltr'><strong>prefigitur</strong></span> <span class='ocrx_word' id='word_1_470' title='bbox 1339 3857 1382 3938; x_wconf 78' lang='lat' dir='ltr'><strong>(V.</strong></span> <span class='ocrx_word' id='word_1_471' title='bbox 1403 3858 1494 3917; x_wconf 88' lang='lat' dir='ltr'><strong>llenr.</strong></span> <span class='ocrx_word' id='word_1_472' title='bbox 1517 3856 1624 3915; x_wconf 84' lang='lat' dir='ltr'><strong>Martia</strong></span> <span class='ocrx_word' id='word_1_473' title='bbox 1644 3857 1676 3915; x_wconf 90' lang='lat' dir='ltr'><strong>in</strong></span> <span class='ocrx_word' id='word_1_474' title='bbox 1700 3856 1855 3915; x_wconf 68' lang='lat' dir='ltr'><strong>Memoe&#39;res</strong></span> <span class='ocrx_word' id='word_1_475' title='bbox 1935 3854 1936 3923; x_wconf 67' lang='grc' dir='ltr'>ί</span> 
     </span>
     <span class='ocr_line' id='line_1_36' title="bbox 241 3946 1936 4040; baseline -0.004 -20"><span class='ocrx_word' id='word_1_476' title='bbox 241 3966 388 4040; x_wconf 71' lang='lat' dir='ltr'><strong>presentes</strong></span> <span class='ocrx_word' id='word_1_477' title='bbox 397 3981 457 4036; x_wconf 84' lang='lat' dir='ltr'><strong>par</strong></span> <span class='ocrx_word' id='word_1_478' title='bbox 468 3963 557 4018; x_wconf 80' lang='lat' dir='ltr'><strong>divers</strong></span> <span class='ocrx_word' id='word_1_479' title='bbox 571 3973 693 4019; x_wconf 81' lang='lat' dir='ltr'><strong>savants.</strong></span> <span class='ocrx_word' id='word_1_480' title='bbox 710 3980 723 4017; x_wconf 87' lang='lat'>1</span> <span class='ocrx_word' id='word_1_481' title='bbox 739 3964 845 4034; x_wconf 72' lang='grc' dir='ltr'><strong>οου’νιίυ,</strong></span> <span class='ocrx_word' id='word_1_482' title='bbox 862 3964 923 4018; x_wconf 83' lang='lat' dir='ltr'><strong>vol.</strong></span> <span class='ocrx_word' id='word_1_483' title='bbox 940 3957 990 4031; x_wconf 89' lang='lat' dir='ltr'><strong>lV,</strong></span> <span class='ocrx_word' id='word_1_484' title='bbox 1005 3979 1036 4039; x_wconf 92' lang='lat' dir='ltr'><strong>p.</strong></span> <span class='ocrx_word' id='word_1_485' title='bbox 1054 3959 1133 4035; x_wconf 79' lang='lat'><strong>580).</strong></span> <span class='ocrx_word' id='word_1_486' title='bbox 1146 3958 1181 4017; x_wconf 90' lang='lat' dir='ltr'><strong>ln</strong></span> <span class='ocrx_word' id='word_1_487' title='bbox 1204 3970 1303 4015; x_wconf 91' lang='lat' dir='ltr'><strong>nostro</strong></span> <span class='ocrx_word' id='word_1_488' title='bbox 1328 3955 1416 4014; x_wconf 54' lang='lat' dir='ltr'><strong>libro»</strong></span> <span class='ocrx_word' id='word_1_489' title='bbox 1430 3953 1651 4029; x_wconf 89' lang='lat' dir='ltr'><strong>inscriptionem</strong></span> <span class='ocrx_word' id='word_1_490' title='bbox 1673 3952 1753 4011; x_wconf 86' lang='lat' dir='ltr'><strong>illam</strong></span> <span class='ocrx_word' id='word_1_491' title='bbox 1770 3952 1852 4013; x_wconf 87' lang='lat' dir='ltr'><strong>idem</strong></span> <span class='ocrx_word' id='word_1_492' title='bbox 1935 3946 1936 3983; x_wconf 55' lang='grc' dir='ltr'>ί</span> 
     </span>
     <span class='ocr_line' id='line_1_37' title="bbox 245 4048 1936 4134; baseline -0.004 -19"><span class='ocrx_word' id='word_1_493' title='bbox 245 4057 334 4117; x_wconf 86' lang='lat' dir='ltr'><strong>horno</strong></span> <span class='ocrx_word' id='word_1_494' title='bbox 349 4057 481 4129; x_wconf 86' lang='lat' dir='ltr'><strong>dederit,</strong></span> <span class='ocrx_word' id='word_1_495' title='bbox 500 4057 552 4134; x_wconf 92' lang='lat' dir='ltr'><strong>qni</strong></span> <span class='ocrx_word' id='word_1_496' title='bbox 567 4057 599 4114; x_wconf 91' lang='lat' dir='ltr'><strong>in</strong></span> <span class='ocrx_word' id='word_1_497' title='bbox 615 4068 724 4114; x_wconf 87' lang='lat' dir='ltr'><strong>antece.</strong></span> <span class='ocrx_word' id='word_1_498' title='bbox 738 4056 851 4114; x_wconf 87' lang='lat' dir='ltr'><strong>laceros</strong></span> <span class='ocrx_word' id='word_1_499' title='bbox 866 4056 981 4115; x_wconf 90' lang='lat' dir='ltr'><strong>codices</strong></span> <span class='ocrx_word' id='word_1_500' title='bbox 995 4055 1026 4114; x_wconf 91' lang='lat' dir='ltr'><strong>in</strong></span> <span class='ocrx_word' id='word_1_501' title='bbox 1043 4055 1173 4114; x_wconf 88' lang='lat' dir='ltr'><strong>ordinem</strong></span> <span class='ocrx_word' id='word_1_502' title='bbox 1190 4053 1322 4130; x_wconf 80' lang='lat' dir='ltr'><strong>redigere</strong></span> <span class='ocrx_word' id='word_1_503' title='bbox 1335 4050 1456 4110; x_wconf 86' lang='lat' dir='ltr'><strong>studuit.</strong></span> <span class='ocrx_word' id='word_1_504' title='bbox 1473 4050 1667 4109; x_wconf 89' lang='lat' dir='ltr'><strong>Continentur</strong></span> <span class='ocrx_word' id='word_1_505' title='bbox 1682 4052 1714 4108; x_wconf 91' lang='lat' dir='ltr'><strong>in</strong></span> <span class='ocrx_word' id='word_1_506' title='bbox 1737 4048 1853 4109; x_wconf 88' lang='lat' dir='ltr'><strong>codicis</strong></span> <span class='ocrx_word' id='word_1_507' title='bbox 1935 4084 1936 4089; x_wconf 20' lang='grc' dir='ltr'><strong><em>κ</em></strong></span> 
     </span>
     <span class='ocr_line' id='line_1_38' title="bbox 246 4147 1786 4234; baseline -0.006 -20"><span class='ocrx_word' id='word_1_508' title='bbox 246 4167 330 4234; x_wconf 90' lang='lat' dir='ltr'><strong>parte</strong></span> <span class='ocrx_word' id='word_1_509' title='bbox 345 4155 502 4233; x_wconf 87' lang='lat' dir='ltr'><strong>superstite</strong></span> <span class='ocrx_word' id='word_1_510' title='bbox 517 4153 553 4212; x_wconf 89' lang='lat' dir='ltr'><strong>de</strong></span> <span class='ocrx_word' id='word_1_511' title='bbox 566 4153 682 4232; x_wconf 74' lang='lat' dir='ltr'><strong>proeliis</strong></span> <span class='ocrx_word' id='word_1_512' title='bbox 699 4165 728 4211; x_wconf 91' lang='lat' dir='ltr'><strong>et</strong></span> <span class='ocrx_word' id='word_1_513' title='bbox 748 4151 955 4211; x_wconf 90' lang='lat' dir='ltr'><strong>obsidionibus</strong></span> <span class='ocrx_word' id='word_1_514' title='bbox 973 4165 1109 4231; x_wconf 84' lang='lat' dir='ltr'><strong>excerpta</strong></span> <span class='ocrx_word' id='word_1_515' title='bbox 1121 4151 1275 4226; x_wconf 83' lang='lat' dir='ltr'><strong>historica,</strong></span> <span class='ocrx_word' id='word_1_516' title='bbox 1293 4170 1356 4226; x_wconf 85' lang='lat' dir='ltr'><strong>quae</strong></span> <span class='ocrx_word' id='word_1_517' title='bbox 1369 4148 1427 4206; x_wconf 89' lang='lat' dir='ltr'><strong>hoc</strong></span> <span class='ocrx_word' id='word_1_518' title='bbox 1440 4167 1471 4205; x_wconf 89' lang='lat' dir='ltr'><strong>se</strong></span> <span class='ocrx_word' id='word_1_519' title='bbox 1487 4148 1595 4206; x_wconf 91' lang='lat' dir='ltr'><strong>ordine</strong></span> <span class='ocrx_word' id='word_1_520' title='bbox 1613 4147 1786 4225; x_wconf 83' lang='lat' dir='ltr'><strong>excipiunt:</strong></span> 
     </span>
    </p>

    <p class='ocr_par' dir='ltr' id='par_1_5' title="bbox 292 4241 1849 4329">
     <span class='ocr_line' id='line_1_39' title="bbox 292 4241 1849 4329; baseline -0.004 -18"><span class='ocrx_word' id='word_1_521' title='bbox 292 4273 319 4312; x_wconf 82' lang='lat'><strong>1.</strong></span> <span class='ocrx_word' id='word_1_522' title='bbox 342 4250 393 4311; x_wconf 77' lang='grc' dir='ltr'><strong>Ἐκ</strong></span> <span class='ocrx_word' id='word_1_523' title='bbox 405 4255 453 4323; x_wconf 77' lang='grc' dir='ltr'><strong>τῆς</strong></span> <span class='ocrx_word' id='word_1_524' title='bbox 471 4248 607 4311; x_wconf 81' lang='grc' dir='ltr'>Διονυσίου</span> <span class='ocrx_word' id='word_1_525' title='bbox 625 4249 742 4329; x_wconf 80' lang='grc' dir='ltr'>ἱστορίας</span> <span class='ocrx_word' id='word_1_526' title='bbox 753 4247 825 4329; x_wconf 69' lang='lat' dir='ltr'><strong>dudi.</strong></span> <span class='ocrx_word' id='word_1_527' title='bbox 840 4248 874 4306; x_wconf 82' lang='grc' dir='ltr'><strong>κ’·</strong></span> <span class='ocrx_word' id='word_1_528' title='bbox 888 4249 994 4328; x_wconf 84' lang='grc' dir='ltr'>Πύρρου</span> <span class='ocrx_word' id='word_1_529' title='bbox 1009 4248 1056 4308; x_wconf 82' lang='grc' dir='ltr'>καί</span> <span class='ocrx_word' id='word_1_530' title='bbox 1066 4246 1207 4325; x_wconf 82' lang='grc' dir='ltr'>Ῥωμαίων</span> <span class='ocrx_word' id='word_1_531' title='bbox 1224 4246 1331 4306; x_wconf 76' lang='grc' dir='ltr'>ὑπάτων</span> <span class='ocrx_word' id='word_1_532' title='bbox 1344 4245 1464 4306; x_wconf 86' lang='grc' dir='ltr'>Ποπλίου</span> <span class='ocrx_word' id='word_1_533' title='bbox 1478 4242 1573 4304; x_wconf 75' lang='grc' dir='ltr'>Δεκίου</span> <span class='ocrx_word' id='word_1_534' title='bbox 1587 4241 1633 4303; x_wconf 84' lang='grc' dir='ltr'><strong>καλ</strong></span> <span class='ocrx_word' id='word_1_535' title='bbox 1649 4242 1768 4305; x_wconf 87' lang='grc' dir='ltr'>Ποπλίου</span> <span class='ocrx_word' id='word_1_536' title='bbox 1784 4241 1849 4323; x_wconf 83' lang='grc' dir='ltr'>(ίοί.</span> 
     </span>
    </p>

    <p class='ocr_par' dir='ltr' id='par_1_6' title="bbox 246 4339 1936 4619">
     <span class='ocr_line' id='line_1_40' title="bbox 246 4339 1936 4424; baseline -0.002 -17"><span class='ocrx_word' id='word_1_537' title='bbox 246 4349 283 4407; x_wconf 85' lang='grc'><strong>88</strong></span> <span class='ocrx_word' id='word_1_538' title='bbox 296 4370 327 4408; x_wconf 91' lang='grc' dir='ltr'><strong>ν.</strong></span> <span class='ocrx_word' id='word_1_539' title='bbox 342 4349 414 4409; x_wconf 83' lang='grc' dir='ltr'>-ί.</span> <span class='ocrx_word' id='word_1_540' title='bbox 428 4368 466 4424; x_wconf 88' lang='lat'><strong>90</strong></span> <span class='ocrx_word' id='word_1_541' title='bbox 479 4367 508 4420; x_wconf 88' lang='grc' dir='ltr'><strong>ν,</strong></span> <span class='ocrx_word' id='word_1_542' title='bbox 529 4348 575 4424; x_wconf 87' lang='lat'><strong>19)</strong></span> <span class='ocrx_word' id='word_1_543' title='bbox 589 4347 650 4405; x_wconf 90' lang='lat' dir='ltr'><strong>sive</strong></span> <span class='ocrx_word' id='word_1_544' title='bbox 673 4346 832 4424; x_wconf 86' lang='lat' dir='ltr'><strong>descriptio</strong></span> <span class='ocrx_word' id='word_1_545' title='bbox 854 4346 956 4424; x_wconf 89' lang='lat' dir='ltr'><strong>proelii</strong></span> <span class='ocrx_word' id='word_1_546' title='bbox 977 4345 1014 4404; x_wconf 91' lang='lat' dir='ltr'><strong>ad</strong></span> <span class='ocrx_word' id='word_1_547' title='bbox 1038 4347 1192 4423; x_wconf 84' lang='lat' dir='ltr'><strong>Asculum,</strong></span> <span class='ocrx_word' id='word_1_548' title='bbox 1208 4363 1295 4422; x_wconf 88' lang='lat' dir='ltr'><strong>quam</strong></span> <span class='ocrx_word' id='word_1_549' title='bbox 1309 4363 1346 4402; x_wconf 81' lang='lat' dir='ltr'><strong>ex</strong></span> <span class='ocrx_word' id='word_1_550' title='bbox 1359 4341 1447 4402; x_wconf 85' lang='lat' dir='ltr'><strong>Minae</strong></span> <span class='ocrx_word' id='word_1_551' title='bbox 1467 4341 1638 4423; x_wconf 88' lang='lat' dir='ltr'><strong>apographo</strong></span> <span class='ocrx_word' id='word_1_552' title='bbox 1655 4339 1790 4400; x_wconf 88' lang='lat' dir='ltr'><strong>dedimus</strong></span> <span class='ocrx_word' id='word_1_553' title='bbox 1811 4340 1854 4401; x_wconf 84' lang='lat' dir='ltr'><strong>ad</strong></span> <span class='ocrx_word' id='word_1_554' title='bbox 1935 4374 1936 4403; x_wconf 77' lang='grc'>;</span> 
     </span>
     <span class='ocr_line' id='line_1_41' title="bbox 246 4434 1936 4524; baseline -0.011 -18"><span class='ocrx_word' id='word_1_555' title='bbox 246 4447 353 4506; x_wconf 89' lang='lat' dir='ltr'><strong>calcem</strong></span> <span class='ocrx_word' id='word_1_556' title='bbox 366 4444 487 4524; x_wconf 76' lang='lat' dir='ltr'><strong>losepbi</strong></span> <span class='ocrx_word' id='word_1_557' title='bbox 502 4444 549 4502; x_wconf 91' lang='lat' dir='ltr'><strong>ed.</strong></span> <span class='ocrx_word' id='word_1_558' title='bbox 565 4442 664 4504; x_wconf 87' lang='lat' dir='ltr'><strong>Didot.</strong></span> <span class='ocrx_word' id='word_1_559' title='bbox 1935 4434 1936 4437; x_wconf 72' lang='grc'>’</span> 
     </span>
     <span class='ocr_line' id='line_1_42' title="bbox 286 4535 1801 4619; baseline -0.006 -19"><span class='ocrx_word' id='word_1_560' title='bbox 286 4562 315 4603; x_wconf 80' lang='grc' dir='ltr'><strong>ο.</strong></span> <span class='ocrx_word' id='word_1_561' title='bbox 337 4540 386 4602; x_wconf 84' lang='grc' dir='ltr'><strong>κε’.</strong></span> <span class='ocrx_word' id='word_1_562' title='bbox 400 4540 452 4601; x_wconf 85' lang='grc' dir='ltr'><strong>Ἐκ</strong></span> <span class='ocrx_word' id='word_1_563' title='bbox 463 4542 514 4599; x_wconf 82' lang='grc' dir='ltr'><strong>τῶν</strong></span> <span class='ocrx_word' id='word_1_564' title='bbox 529 4537 676 4599; x_wconf 80' lang='grc' dir='ltr'>Πολυαίνου</span> <span class='ocrx_word' id='word_1_565' title='bbox 687 4539 730 4619; x_wconf 74' lang='grc'><strong>(4,</strong></span> <span class='ocrx_word' id='word_1_566' title='bbox 747 4541 774 4612; x_wconf 83' lang='grc'><strong>3,</strong></span> <span class='ocrx_word' id='word_1_567' title='bbox 790 4540 838 4618; x_wconf 81' lang='lat' dir='ltr'><strong>aa)</strong></span> <span class='ocrx_word' id='word_1_568' title='bbox 855 4538 1095 4619; x_wconf 80' lang='grc' dir='ltr'>στρατηγημάτων.</span> <span class='ocrx_word' id='word_1_569' title='bbox 1108 4537 1273 4618; x_wconf 71' lang='grc' dir='ltr'>’Ἀλεξάνδρου</span> <span class='ocrx_word' id='word_1_570' title='bbox 1288 4538 1333 4597; x_wconf 81' lang='grc' dir='ltr'><strong>καί</strong></span> <span class='ocrx_word' id='word_1_571' title='bbox 1346 4536 1444 4619; x_wconf 79' lang='grc' dir='ltr'>Πώρου</span> <span class='ocrx_word' id='word_1_572' title='bbox 1457 4538 1488 4619; x_wconf 79' lang='grc' dir='ltr'>(ί.</span> <span class='ocrx_word' id='word_1_573' title='bbox 1503 4557 1542 4614; x_wconf 88' lang='lat'><strong>9⁰</strong></span> <span class='ocrx_word' id='word_1_574' title='bbox 1550 4536 1688 4613; x_wconf 81' lang='lat' dir='ltr'><strong>r.,15·91</strong></span> <span class='ocrx_word' id='word_1_575' title='bbox 1705 4554 1743 4607; x_wconf 91' lang='lat' dir='ltr'><strong>r.,</strong></span> <span class='ocrx_word' id='word_1_576' title='bbox 1756 4535 1801 4612; x_wconf 77' lang='lat'><strong>6).</strong></span> 
     </span>
    </p>

    <p class='ocr_par' dir='ltr' id='par_1_7' title="bbox 248 4629 1936 5011">
     <span class='ocr_line' id='line_1_43' title="bbox 290 4629 1854 4717; baseline -0.007 -19"><span class='ocrx_word' id='word_1_577' title='bbox 290 4641 319 4701; x_wconf 79' lang='lat'><strong>3.</strong></span> <span class='ocrx_word' id='word_1_578' title='bbox 341 4636 392 4708; x_wconf 72' lang='grc' dir='ltr'><strong>ις’.</strong></span> <span class='ocrx_word' id='word_1_579' title='bbox 407 4637 458 4699; x_wconf 81' lang='grc' dir='ltr'><strong>Ἐκ</strong></span> <span class='ocrx_word' id='word_1_580' title='bbox 472 4640 526 4697; x_wconf 80' lang='grc' dir='ltr'><strong>τῶν</strong></span> <span class='ocrx_word' id='word_1_581' title='bbox 541 4636 689 4697; x_wconf 86' lang='grc' dir='ltr'>Πολυαίνου</span> <span class='ocrx_word' id='word_1_582' title='bbox 704 4634 745 4716; x_wconf 76' lang='lat' dir='ltr'><strong>(t,</strong></span> <span class='ocrx_word' id='word_1_583' title='bbox 760 4637 789 4711; x_wconf 88' lang='lat'><strong>6,</strong></span> <span class='ocrx_word' id='word_1_584' title='bbox 801 4634 828 4713; x_wconf 80' lang='lat'><strong>3)</strong></span> <span class='ocrx_word' id='word_1_585' title='bbox 848 4635 1077 4717; x_wconf 80' lang='grc' dir='ltr'>στρατηγημάτων</span> <span class='ocrx_word' id='word_1_586' title='bbox 1091 4636 1120 4716; x_wconf 83' lang='grc' dir='ltr'>(ί.</span> <span class='ocrx_word' id='word_1_587' title='bbox 1137 4658 1171 4714; x_wconf 85' lang='lat'><strong>91</strong></span> <span class='ocrx_word' id='word_1_588' title='bbox 1190 4656 1229 4709; x_wconf 86' lang='lat' dir='ltr'><strong>r.,</strong></span> <span class='ocrx_word' id='word_1_589' title='bbox 1249 4635 1345 4712; x_wconf 60' lang='lat'><strong>7⁴⁵1·</strong></span> <span class='ocrx_word' id='word_1_590' title='bbox 1364 4635 1506 4694; x_wconf 85' lang='lat' dir='ltr'><strong>Narratur</strong></span> <span class='ocrx_word' id='word_1_591' title='bbox 1528 4644 1699 4707; x_wconf 88' lang='lat' dir='ltr'><strong>strategema</strong></span> <span class='ocrx_word' id='word_1_592' title='bbox 1713 4648 1772 4706; x_wconf 91' lang='lat' dir='ltr'><strong>quo</strong></span> <span class='ocrx_word' id='word_1_593' title='bbox 1789 4629 1854 4687; x_wconf 81' lang='lat' dir='ltr'><strong>tte·</strong></span> 
     </span>
     <span class='ocr_line' id='line_1_44' title="bbox 248 4724 1854 4817; baseline -0.009 -21"><span class='ocrx_word' id='word_1_594' title='bbox 248 4755 386 4817; x_wconf 76' lang='lat' dir='ltr'><strong>garenses</strong></span> <span class='ocrx_word' id='word_1_595' title='bbox 405 4736 574 4814; x_wconf 89' lang='lat' dir='ltr'><strong>elephantos</strong></span> <span class='ocrx_word' id='word_1_596' title='bbox 597 4733 753 4810; x_wconf 89' lang='lat' dir='ltr'><strong>Antigoni,</strong></span> <span class='ocrx_word' id='word_1_597' title='bbox 767 4732 818 4811; x_wconf 91' lang='lat' dir='ltr'><strong>qui</strong></span> <span class='ocrx_word' id='word_1_598' title='bbox 843 4731 947 4791; x_wconf 89' lang='lat' dir='ltr'><strong>urbem</strong></span> <span class='ocrx_word' id='word_1_599' title='bbox 970 4730 1140 4805; x_wconf 89' lang='lat' dir='ltr'><strong>obsidebat,</strong></span> <span class='ocrx_word' id='word_1_600' title='bbox 1157 4733 1298 4791; x_wconf 90' lang='lat' dir='ltr'><strong>immissis</strong></span> <span class='ocrx_word' id='word_1_601' title='bbox 1320 4733 1423 4791; x_wconf 83' lang='lat' dir='ltr'><strong>suibus</strong></span> <span class='ocrx_word' id='word_1_602' title='bbox 1440 4732 1472 4789; x_wconf 92' lang='lat' dir='ltr'><strong>in</strong></span> <span class='ocrx_word' id='word_1_603' title='bbox 1487 4730 1582 4805; x_wconf 83' lang='lat' dir='ltr'><strong>lugam</strong></span> <span class='ocrx_word' id='word_1_604' title='bbox 1599 4727 1749 4785; x_wconf 82' lang='lat' dir='ltr'><strong>verterint.</strong></span> <span class='ocrx_word' id='word_1_605' title='bbox 1764 4724 1854 4795; x_wconf 82' lang='lat' dir='ltr'><strong>Quod</strong></span> 
     </span>
     <span class='ocr_line' id='line_1_45' title="bbox 248 4819 1936 4911; baseline -0.007 -18"><span class='ocrx_word' id='word_1_606' title='bbox 248 4853 338 4911; x_wconf 87' lang='lat' dir='ltr'><strong>quum</strong></span> <span class='ocrx_word' id='word_1_607' title='bbox 354 4832 390 4891; x_wconf 88' lang='lat' dir='ltr'><strong>ad</strong></span> <span class='ocrx_word' id='word_1_608' title='bbox 401 4837 507 4910; x_wconf 81' lang='lat' dir='ltr'><strong>proetta</strong></span> <span class='ocrx_word' id='word_1_609' title='bbox 521 4833 619 4890; x_wconf 90' lang='lat' dir='ltr'><strong>minus</strong></span> <span class='ocrx_word' id='word_1_610' title='bbox 634 4832 794 4910; x_wconf 87' lang='lat' dir='ltr'><strong>pertineat,</strong></span> <span class='ocrx_word' id='word_1_611' title='bbox 806 4843 943 4908; x_wconf 88' lang='lat' dir='ltr'><strong>tanquam</strong></span> <span class='ocrx_word' id='word_1_612' title='bbox 958 4829 1106 4908; x_wconf 85' lang='lat' dir='ltr'><strong>appendix</strong></span> <span class='ocrx_word' id='word_1_613' title='bbox 1121 4827 1309 4905; x_wconf 87' lang='lat' dir='ltr'><strong>subjunctum</strong></span> <span class='ocrx_word' id='word_1_614' title='bbox 1324 4848 1388 4887; x_wconf 89' lang='lat' dir='ltr'><strong>esse</strong></span> <span class='ocrx_word' id='word_1_615' title='bbox 1400 4828 1518 4887; x_wconf 88' lang='lat' dir='ltr'><strong>videtur</strong></span> <span class='ocrx_word' id='word_1_616' title='bbox 1531 4820 1787 4895; x_wconf 88' lang='lat' dir='ltr'><strong>antecedentibus,</strong></span> <span class='ocrx_word' id='word_1_617' title='bbox 1799 4819 1857 4883; x_wconf 90' lang='lat' dir='ltr'><strong>ubi</strong></span> <span class='ocrx_word' id='word_1_618' title='bbox 1935 4900 1936 4907; x_wconf 14' lang='grc' dir='ltr'>ρ</span> 
     </span>
     <span class='ocr_line' id='line_1_46' title="bbox 250 4926 1428 5011; baseline -0.003 -24"><span class='ocrx_word' id='word_1_619' title='bbox 250 4929 286 4988; x_wconf 90' lang='lat' dir='ltr'><strong>de</strong></span> <span class='ocrx_word' id='word_1_620' title='bbox 299 4948 397 5009; x_wconf 87' lang='lat' dir='ltr'><strong>pugna</strong></span> <span class='ocrx_word' id='word_1_621' title='bbox 413 4929 642 5011; x_wconf 62' lang='lat' dir='ltr'><strong>contra0Porum</strong></span> <span class='ocrx_word' id='word_1_622' title='bbox 655 4927 760 4987; x_wconf 91' lang='lat' dir='ltr'><strong>lndnm</strong></span> <span class='ocrx_word' id='word_1_623' title='bbox 773 4926 897 5004; x_wconf 87' lang='lat' dir='ltr'><strong>ejusque</strong></span> <span class='ocrx_word' id='word_1_624' title='bbox 910 4926 1080 5004; x_wconf 86' lang='lat' dir='ltr'><strong>elephantos</strong></span> <span class='ocrx_word' id='word_1_625' title='bbox 1097 4926 1252 4984; x_wconf 84' lang='lat' dir='ltr'><strong>commissa</strong></span> <span class='ocrx_word' id='word_1_626' title='bbox 1264 4945 1362 4985; x_wconf 90' lang='lat' dir='ltr'><strong>sermo</strong></span> <span class='ocrx_word' id='word_1_627' title='bbox 1376 4939 1428 4985; x_wconf 81' lang='lat' dir='ltr'><strong>est.</strong></span> 
     </span>
    </p>

    <p class='ocr_par' dir='ltr' id='par_1_8' title="bbox 248 5014 1858 5200">
     <span class='ocr_line' id='line_1_47' title="bbox 289 5014 1858 5106; baseline -0.004 -23"><span class='ocrx_word' id='word_1_628' title='bbox 289 5024 403 5084; x_wconf 89' lang='lat' dir='ltr'><strong>Deinde</strong></span> <span class='ocrx_word' id='word_1_629' title='bbox 416 5046 433 5085; x_wconf 91' lang='lat' dir='ltr'><strong>a</strong></span> <span class='ocrx_word' id='word_1_630' title='bbox 446 5027 562 5106; x_wconf 87' lang='lat' dir='ltr'><strong>proeliis</strong></span> <span class='ocrx_word' id='word_1_631' title='bbox 576 5025 613 5084; x_wconf 91' lang='lat' dir='ltr'><strong>ad</strong></span> <span class='ocrx_word' id='word_1_632' title='bbox 631 5024 802 5083; x_wconf 88' lang='lat' dir='ltr'><strong>obsidiones</strong></span> <span class='ocrx_word' id='word_1_633' title='bbox 817 5024 956 5083; x_wconf 87' lang='lat' dir='ltr'><strong>transitus</strong></span> <span class='ocrx_word' id='word_1_634' title='bbox 970 5020 1070 5081; x_wconf 82' lang='lat' dir='ltr'><strong>verbis</strong></span> <span class='ocrx_word' id='word_1_635' title='bbox 1081 5036 1214 5101; x_wconf 87' lang='lat' dir='ltr'><strong>paratur,</strong></span> <span class='ocrx_word' id='word_1_636' title='bbox 1228 5043 1293 5101; x_wconf 87' lang='lat' dir='ltr'><strong>quae</strong></span> <span class='ocrx_word' id='word_1_637' title='bbox 1307 5022 1340 5081; x_wconf 91' lang='lat' dir='ltr'><strong>in</strong></span> <span class='ocrx_word' id='word_1_638' title='bbox 1354 5019 1572 5100; x_wconf 88' lang='lat' dir='ltr'><strong>antiquioribus</strong></span> <span class='ocrx_word' id='word_1_639' title='bbox 1584 5014 1737 5079; x_wconf 87' lang='lat' dir='ltr'><strong>codicibus</strong></span> <span class='ocrx_word' id='word_1_640' title='bbox 1748 5036 1858 5077; x_wconf 84' lang='lat' dir='ltr'><strong>uersus</strong></span> 
     </span>
     <span class='ocr_line' id='line_1_48' title="bbox 248 5118 1193 5200; baseline -0.005 -17"><span class='ocrx_word' id='word_1_641' title='bbox 248 5122 487 5200; x_wconf 82' lang='lat' dir='ltr'><strong>dodecasyllabos</strong></span> <span class='ocrx_word' id='word_1_642' title='bbox 507 5125 596 5183; x_wconf 81' lang='lat' dir='ltr'><strong>fuisse</strong></span> <span class='ocrx_word' id='word_1_643' title='bbox 612 5135 692 5200; x_wconf 88' lang='lat' dir='ltr'><strong>patet</strong></span> <span class='ocrx_word' id='word_1_644' title='bbox 706 5121 784 5181; x_wconf 91' lang='lat' dir='ltr'><strong>bunc</strong></span> <span class='ocrx_word' id='word_1_645' title='bbox 799 5121 831 5180; x_wconf 92' lang='lat' dir='ltr'><strong>in</strong></span> <span class='ocrx_word' id='word_1_646' title='bbox 844 5119 963 5179; x_wconf 90' lang='lat' dir='ltr'><strong>modum</strong></span> <span class='ocrx_word' id='word_1_647' title='bbox 980 5118 1166 5194; x_wconf 84' lang='lat' dir='ltr'><strong>refingendos</strong></span> <span class='ocrx_word' id='word_1_648' title='bbox 1186 5141 1193 5178; x_wconf 81' lang='grc' dir='ltr'><strong>τ</strong></span> 
     </span>
    </p>

    <p class='ocr_par' dir='ltr' id='par_1_9' title="bbox 327 5217 812 5297">
     <span class='ocr_line' id='line_1_49' title="bbox 327 5217 812 5297; baseline -0.01 -16"><span class='ocrx_word' id='word_1_649' title='bbox 327 5219 464 5282; x_wconf 72' lang='lat' dir='ltr'><strong>’Eruitur</strong></span> <span class='ocrx_word' id='word_1_650' title='bbox 478 5220 520 5278; x_wconf 76' lang='lat' dir='ltr'><strong>ml</strong></span> <span class='ocrx_word' id='word_1_651' title='bbox 534 5218 580 5285; x_wconf 80' lang='grc' dir='ltr'>τσίς</span> <span class='ocrx_word' id='word_1_652' title='bbox 595 5220 646 5296; x_wconf 81' lang='grc' dir='ltr'>[τι]</span> <span class='ocrx_word' id='word_1_653' title='bbox 660 5217 812 5297; x_wconf 86' lang='grc' dir='ltr'>πολιορκίας</span> 
     </span>
    </p>
   </div>
   <div class='ocr_carea' id='block_1_5' title="bbox 0 0 1950 6036">
    <p class='ocr_par' dir='ltr' id='par_1_10' title="bbox 0 0 1950 6036">
     <span class='ocr_line' id='line_1_50' title="bbox 0 0 1950 6036; baseline 0 0"><span class='ocrx_word' id='word_1_654' title='bbox 0 0 1950 6036; x_wconf 95' lang='lat' dir='ltr'><strong> </strong></span> 
     </span>
    </p>
   </div>
  </div>
 </body>
</html>
